2958 4938
420 311 833 392 GHOEPHORAE.

358 532 820 616 nurrsrttortra
855 552 893 625 ¹1.

209 707 399 777 Gravisonus
411 702 493 768 enim
506 701 613 765 horror
624 719 728 762 comas
741 695 868 783 erigens,

205 812 328 875 Domus
342 821 506 870 nocturnus
520 816 610 878 vates,
632 800 664 863 in
677 820 786 864 somno
800 798 876 860 iram

208 915 337 998 spirans,
352 911 525 993 intempesta
537 922 627 971 nocte
641 905 806 970 clamorem

205 1020 232 1083 E
246 1009 442 1100 penetralibus
456 1011 546 1078 edidit
558 1002 732 1087 terribiliter,

206 1113 413 1178 Foeminarum
426 1110 458 1173 in
470 1107 608 1173 cubicula
622 1104 749 1194 graviter
761 1100 882 1168 irruens.

208 1214 303 1277 Porro
316 1210 427 1274 horum
440 1209 627 1273 somniorum
640 1206 809 1288 interpretes

206 1314 361 1382 Divinitus
374 1313 574 1396 propalarunt,
597 1310 776 1374 obtestantes

206 1418 302 1500 Quod
315 1414 370 1503 qul
384 1415 442 1479 sint
456 1415 555 1478 subter
569 1427 677 1477 terram
692 1421 912 1497 conquerantur

207 1520 407 1597 Gravissime,

208 1624 249 1688 Et
262 1610 498 1690 interlectoribus
511 1614 713 1703 indignentur·

473 1858 788 1930 STROPHE2.

209 2024 319 2090 Talem
334 2019 459 2108 gratiam
471 2017 630 2105 ingratam,

210 2119 492 2187 Auerruncatricem
505 2117 666 2195 malorum,

213 2222 300 2285 Eheu
315 2234 401 2295 terra,
423 2213 515 2281 terra!
545 2298 548 2303 θ

209 2326 376 2390 Procurans
391 2344 440 2386 me
454 2318 545 2385 mittit

210 2419 308 2503 lm‘pia
322 2418 439 2495 mulier,
454 2410 668 2501 Clytemnestra.
705 2406 815 2478 Metuo
828 2420 929 2475 autem

212 2522 351 2587 Verbum
364 2519 424 2583 hoc
440 2517 579 2601 proferre.
681 2596 683 2601 ,

213 2621 310 2703 Quod
323 2619 404 2684 enim
418 2617 546 2700 pretium
558 2632 602 2682 est
615 2613 674 2680 fusi
688 2615 720 2679 in
734 2630 842 2679 terram
854 2600 1022 2699 sanguinisl

213 2722 300 2795 Eheu
315 2714 564 2784 aerumnosissima
578 2711 700 2780 domus!
980 2712 984 2718 ’

213 2820 302 2887 Eheu
314 2819 479 2884 eversiones
494 2815 621 2882 aedium!

213 2926 357 3006 Expertes
370 2918 451 2997 solis,
470 2919 645 2984 hominibus
659 2913 762 2982 invisae

213 3025 363 3089 Tenebrae
378 3017 519 3109 operiunt
531 3019 620 3097 aedes,

216 3130 339 3207 Propter
353 3122 468 3199 caedem
481 3122 685 3186 dominorum.

399 3328 816 3406 ANTISTROPHE
845 3355 878 3404 a·

213 3500 361 3587 „majestas
374 3493 622 3583 inexpugnabilis,
643 3491 798 3567 indomita,

218 3609 304 3675 Olim
317 3606 502 3682 indebellata,

218 3711 274 3774 Per
287 3729 371 3773 aures
384 3719 577 3791 mentemque

219 3809 327 3893 Populi
340 3828 505 3892 permeans,

218 3913 313 3977 Nunc
328 3908 458 3973 recessit.
500 3903 612 3971 Metuit
626 3921 697 3969 vero

190 4061 210 4092 „
225 4011 323 4094 Quis?
345 4030 482 4093 prospere
496 4028 584 4095 agere
700 4078 702 4082 ¹

191 4161 211 4194 „
226 4112 297 4179 Hoc
313 4113 388 4176 inter
400 4109 539 4175 homines
553 4107 691 4185 deusest,
712 4119 742 4170 et
753 4100 820 4187 plus
834 4126 926 4194 quam
940 4102 1022 4171 deus.

189 4263 210 4294 „
223 4212 382 4278 Inclinatio
391 4210 514 4295 justitiae
527 4206 732 4272 animadvertit
861 4278 864 4287 ¹

190 4363 211 4397 „
225 4315 378 4393 Celeriter,
398 4312 514 4399 aliquos
528 4309 593 4393 ipso
603 4305 652 4372 die
666 4306 807 4389 puniens;

191 4464 211 4496 ‚,
225 4415 377 4502 Quadam
394 4428 516 4503 peccata
538 4413 569 4477 in
582 4408 671 4475 dubia
684 4406 852 4496 crepusculi
