2960 4938
234 346 341 421 curu
365 314 667 420 u0r1s'vaas.
691 350 749 424 as
770 351 973 423 aurnmu
997 352 1144 424 catur.
1246 367 1288 433 u

129 525 161 590 t.
177 513 255 580 600.
277 530 427 581 neornu.
470 521 549 581 Βότω
564 513 652 581 Rob.
669 515 829 604 probante
845 517 953 583 Pauw.
1002 572 1011 585 .
1239 554 1243 559 .

128 611 160 677 y.
173 601 250 667 601.
272 616 410 666 moun
432 603 472 671 θ’.
531 612 559 667 1.
592 601 772 689 Autispast.
805 604 884 670 dim.
921 602 1055 691 hyperc.
1113 612 1144 668 0.
1165 602 1287 672 Troch.

86 686 202 775 peuth.
228 686 409 777 Oppositus
432 688 545 754 variat.
589 697 620 756 8.
643 687 823 777 Autispast.
841 690 920 756 dim.
940 689 1097 776 brachyc.
1138 699 1170 756 4.
1192 691 1288 757 Anti-

87 788 188 873 spaat.
210 774 290 841 dim.
313 774 449 863 hyperc.
469 797 546 840 cunr
570 775 704 863 syzygia
720 777 826 842 lamb.
841 778 875 841 in
892 775 1067 865 principio.
1111 783 1143 841 5.
1164 776 1286 843 Troch.

86 860 1288 1043 &diffluii⁸?5¹2‘9.1⁶.1.2⁰.?.¹¹.⁰¹¹.3t.¹.t¹23'·tfr‘ssssssr'tffztti.

85 1054 279 1100 emonom.
301 1032 422 1100 Troch.
451 1050 485 1100 et
512 1057 658 1100 monum.
689 1033 793 1101 lamb.
854 1043 887 1103 8.
908 1035 1030 1100 Troch.
1062 1033 1197 1123 Ithyph.
1227 1050 1286 1102 aut

84 1116 268 1209 Autispast.
302 1120 490 1188 Pherecrat.
548 1130 580 1195 9.
615 1120 792 1210 Autispast.
813 1108 974 1211 'Glyconi
1006 1120 1081 1186 vide
1111 1144 1169 1193 suo
1200 1120 1287 1189 loco.

87 1215 141 1272 10.
164 1206 354 1275 Pherecrat.
390 1207 443 1274 De
465 1207 679 1275 Antitheticis
706 1218 734 1275 l.
758 1217 790 1287 8,
811 1217 846 1288 4,
868 1208 943 1274 ride
959 1208 1024 1273 suis
1041 1206 1132 1274 iocis.
1158 1207 1286 1274 Pauw.

86 1299 116 1375 1,
140 1301 173 1374 0,
197 1302 229 1373 8,
252 1303 284 1361 4.
307 1294 394 1360 Vide
419 1317 478 1360 suo
503 1295 601 1367 loco.
636 1303 668 1362 8.
692 1295 823 1362 Period.
848 1309 912 1360 cat.
955 1302 988 1368 9.
1011 1293 1096 1358 Vide
1119 1315 1177 1358 suo
1199 1294 1286 1372 ioco,

83 1394 121 1444 nt
156 1381 256 1447 etiam
290 1381 332 1448 de
363 1381 577 1448 Antitheticis
614 1391 644 1465 l,
663 1389 696 1448 0.
720 1382 753 1449 6.
776 1391 808 1457 9.
846 1381 999 1449 Hasna.
1070 1379 1141 1446 Noa
1176 1393 1288 1447 nostra

66 1468 71 1478 “
86 1465 238 1532 dabimus
260 1480 335 1555 post
357 1480 388 1546 γ.
403 1469 480 1534 650.
1269 1504 1272 1515 v

127 1552 484 1622 Ibid.r11011rnnorn.
527 1554 595 1622 Alii
622 1562 770 1639 asnaa.
825 1553 908 1629 Quae
943 1552 1044 1620 lectio
1068 1551 1151 1619 mihi
1180 1553 1286 1642 magia

83 1637 214 1727 placet:
237 1661 314 1706 nam
329 1647 392 1723 οης,
412 1642 503 1743 quod
522 1642 611 1710 idem
628 1642 713 1709 valet
728 1642 817 1730 quod
840 1639 1106 1726 &subjunctivus
1120 1639 1287 1718 articulus,

82 1726 1287 1882 2319..¹3¹⁰.¹‘.¹.‘².²t'.⁰.:¹.‘i}⁰.392'2.5⁹i.9.t¹1.⁰.⁶”dssrtff'tffizttt

81 1836 285 1986 ὕπὸπιςοςεέι
313 1900 360 1967 ita
388 1902 598 1969 subaudietur
627 1909 676 1974 ist.
735 1900 783 1968 Ut
808 1902 850 1967 sit
880 1862 1001 1979 sensus,
1022 1904 1069 1970 tr»
1094 1834 1157 1964 τῢέο
1177 1900 1191 1960 3
1210 1835 1287 1978 itm

81 1994 166 2055 isaim
187 1989 213 2057 is
236 1995 277 2072 ἔχ
302 1994 440 2073 ὕπὸττιςὸς
467 1999 527 2069 ins,
548 1994 609 2055 dm
629 1991 691 2077 dcii,
717 2019 745 2053 tt·
759 2018 786 2054 τ.
802 2007 829 2053 λ.
867 1985 915 2053 Η.
931 1984 1063 2051 ΒΤΒΡΗ.
1129 1985 1283 2071 ’Υπὸπτιςος

81 2069 179 2141 Med.
195 2073 340 2165 Guelph.
354 2075 431 2143 Aid.
454 2075 542 2144 Rob.
588 2075 700 2143 Metra
713 2075 761 2142 sic
775 2073 907 2142 ordinat
921 2070 1047 2142 Heath.

303 2200 333 2259 1.
370 2192 434 2263 ''Is-u
455 2194 483 2256 δ’
498 2197 550 2266 dett
570 2198 611 2277 ὖχ

297 2285 331 2344 0.
372 2280 537 2364 ‘remum
559 2282 685 2365 φροντίσιν
705 2278 784 2361 dasii,

300 2371 332 2431 3.
376 2368 431 2429 Tdr
450 2374 472 2430 ri
493 2367 621 2431 παιδολῦ-
645 2432 649 2439 ,

297 2461 331 2518 4.
374 2482 426 2530 μοις
448 2454 567 2517 τάλαινα
587 2452 682 2527 oss-idue
702 2456 807 2535 priuatus

300 2545 333 2604 5.
376 2539 484 2621 Hugdar'i
505 2569 563 2604 stru
582 2546 712 2626 apariat·

84 2663 113 2721 1.
136 2651 284 2722 Dochm.
338 2664 371 2722 0.
394 2656 526 2723 Ρειίοάί
551 2656 687 2745 hyperc.
740 2662 774 2721 3.
798 2649 943 2719 Dochm.
987 2660 1021 2718 4.
1043 2649 1230 2746 Asynartet.
1266 2668 1285 2712 e

123 2740 196 2808 nth.
220 2740 341 2808 Troch.
372 2755 406 2809 et
437 2743 580 2812 Dochm.
639 2751 672 2808 5.
693 2739 815 2808 Troch.
845 2739 925 2805 dim.
955 2748 1041 2803 ucat.
1075 2735 1152 2801 .Sic
1181 2746 1282 2799 ettam

126 2828 218 2895 hutz.
270 2829 383 2895 Metra
403 2838 436 2912 3,
458 2839 490 2901 4.
515 2830 632 2899 eodem
659 2829 760 2897 modo
782 2826 913 2893 ordinat
929 2824 1026 2895 etiam
1047 2821 1140 2890 Pota.
1196 2819 1284 2886 Mox

78 2914 126 2982 adr
141 2910 239 2980 isnardo
256 2920 340 2994 λύμας
362 2915 438 2985 ΑΜ.

121 3047 154 3113 t.
170 3036 246 3104 605.
279 3049 464 3110 ntraarr.
527 3038 656 3123 ,Πυςδιὶς
682 3033 784 3102 Turn.
816 3031 863 3100 H.
884 3029 1000 3120 Steph.
1030 3028 1088 3116 qui
1116 3034 1284 3113 receptam

78 3118 257 3190 lectionem
272 3124 425 3233 agnoscit
441 3123 474 3187 in
490 3124 589 3191 notis.
1275 3195 1282 3209 ,

121 3221 155 3288 Υ·
171 3209 248 3283 606.
272 3224 475 3283 ΚΑιΘοτΣΑ.
536 3215 696 3277 navatem
718 3206 836 3297 reponi
855 3204 954 3293 jubet
979 3199 1111 3268 Canter.
1133 3196 1230 3298 ’quod
1258 3217 1284 3260 sr
1314 3281 1317 3293 Ι

78 3295 268 3384 recipiatur,
292 3318 401 3363 versus
416 3297 477 3362 erit
493 3295 675 3384 Autispast.
690 3296 770 3361 dim.
786 3293 921 3380 hyperc.
937 3309 1014 3388 curu
1028 3308 1164 3374 syzygra
1178 3282 1285 3348 Iamb.

78 3386 233 3465 ὶπτισῆμυ,
263 3384 320 3469 qui
347 3383 394 3449 sic
428 3383 605 3471 respondet
635 3380 866 3456 Antithetieo;
901 3378 957 3443 sed
989 3373 1069 3441 illud
1098 3377 1143 3438 aui
1172 3371 1284 3436 abesse

78 3469 185 3541 voluit
201 3448 312 3545 Pacu.
327 3469 415 3536 unde
429 3483 536 3535 totum
552 3469 662 3535 locum
677 3469 724 3537 sic
741 3466 833 3554 legit,

426 3572 596 3649 -ua

296 3662 350 3735 Tui,
372 3657 435 3722 u’it
456 3657 624 3735 watiensium

297 3747 417 3809 Teium
438 3751 534 3817 Θιςίας
555 3745 670 3822 priuata,

296 3832 404 3914 Hugduii
426 3857 484 3895 'rust
506 3837 622 3913 argivum

297 3920 415 3997 attan,
436 3919 529 3990 caudis
550 3917 660 3998 dapasds

294 4014 393 4081 Δὸλω,
416 4032 443 4069 rt.
457 4032 484 4067 τ.
500 4023 528 4069 λ.

77 4121 191 4197 Quem
213 4119 249 4184 in
271 4119 396 4185 caeteris
411 4120 529 4185 merito
545 4115 754 4207 reprehendit
770 4109 894 4180 Heath.
911 4107 966 4175 sed
986 4106 1054 4196 ipse
1069 4105 1167 4169 attan
1181 4099 1283 4167 dedit.

75 4210 180 4274 καίωσι
196 4205 289 4272 Pcrs.
307 4207 397 4293 quod
412 4205 615 4275 verissimum
633 4205 773 4270 videtur.
889 4272 893 4277 ,

121 4322 212 4389 Ibid.
242 4336 474 4391 ΔΑΦΟΙΝΟΝ.
539 4331 654 4407 awaus?
679 4318 812 4395 Schutz.
827 4325 860 4382 0.
889 4313 978 4401 quod
1010 4308 1108 4410 vertit
1136 4306 1284 4394 sunguine

76 4408 303 4479 avunculorum
323 4408 447 4497 polluti,
469 4410 558 4499 qnod
579 4408 660 4473 mihi
676 4406 795 4495 piacet,
816 4423 892 4467 nam
909 4416 1026 4465 torrem
1047 4394 1135 4460 rlium
1151 4392 1283 4457 fatalem

76 4497 113 4564 in
135 4498 251 4587 ignem
273 4497 314 4563 ab
337 4495 466 4566 Althaea
490 4494 679 4584 conjectum
701 4491 800 4558 fuisse
816 4487 971 4556 discimus
985 4502 1120 4573 propter
1136 4479 1283 4546 dolorem

77 4606 180 4679 quem
195 4583 381 4653 obcaedem
395 4583 532 4656 fratrum
548 4603 680 4652 suorum
697 4603 717 4647 a
731 4576 904 4670 Meleagro
920 4572 1041 4657 factam
1057 4577 1264 4658 conceperaa
