2958 4938
211 253 251 323 82

596 250 1013 323 CHOEPHORAE.

382 407 591 495 Volucresque
605 423 635 473 et
647 408 790 492 pedestria
802 409 953 490 animalia,

381 512 422 575 Et
431 525 621 575 ventosamm

382 612 584 678 Procellnrum
597 611 671 677 iram
685 613 848 678 considera.

542 858 1001 926 ANTISTROPHE
1047 878 1073 921 1.

385 997 441 1064 Sed
455 1001 681 1066 audacissimam
698 1001 752 1066 viri

383 1099 524 1163 Mentem
539 1101 605 1186 quis
617 1102 721 1165 animo
734 1099 897 1182 concipiat,

384 1199 426 1262 Et
440 1200 598 1264 mulierum
613 1199 789 1278 infelicium,

383 1298 424 1362 Et
437 1296 469 1361 in
483 1299 586 1362 omnia
597 1300 725 1364 audaces

384 1398 514 1462 Amores
531 1398 713 1477 mortalium,
733 1400 821 1464 noxis
835 1398 974 1486 aequales,

384 1499 628 1585 Conjugalesque
643 1499 895 1565 cohabitationes?

385 1599 564 1664 Mulieribus
578 1599 727 1687 imperans

385 1704 486 1769 Amor
499 1705 665 1770 inamabilis
679 1707 772 1771 vincit

385 1806 427 1870 Et
439 1807 545 1871 bestias
559 1822 590 1872 et
603 1809 750 1874 homines.

640 2032 896 2100 srTROPHE
936 2054 967 2099 2.

388 2193 477 2284 Sciat,
491 2205 625 2293 quisquis
638 2231 701 2275 non
714 2208 827 2272 levibus
853 2230 857 2239 ’

387 2308 476 2373 Curis
490 2309 613 2374 edoctus
627 2327 680 2390 est,

388 2410 522 2491 Qualem
536 2412 698 2477 liberorum
712 2413 852 2495 perditrix

388 2512 503 2578 Misera
515 2515 633 2580 Thestii
647 2516 708 2581 filia
722 2517 906 2604 excogitavit

266 2692 268 2695 ι
387 2615 625 2681 Comburentem
640 2620 789 2703 quandam
804 2616 1029 2699 providentiam,

387 2715 524 2780 Exurens
537 2715 590 2780 filii
603 2718 651 2782 sui
665 2735 822 2785 cruentum
872 2758 875 2763 ι

386 2817 517 2880 Torrem
533 2841 715 2902 aequaevum,
736 2844 776 2884 ex
790 2843 852 2906 quo
866 2820 986 2885 veniens

339 2910 340 2913 ¹
388 2916 420 2980 A
430 2934 524 2981 matre
539 2920 727 2997 clamaverat,

389 3016 430 3079 Et
443 3017 575 3099 ejusdem
589 3040 737 3084 mensurae
751 3021 783 3083 in
797 3021 876 3083 diem

387 3117 419 3182 A
431 3117 495 3182 fato
507 3118 659 3183 decretum
673 3141 725 3200 per
740 3135 834 3183 totam
850 3121 953 3185 vitam.

558 3343 975 3411 ANTISTROPHE
1019 3368 1078 3412 2.¹

390 3519 471 3585 Sciat
485 3520 574 3585 aliam
589 3521 738 3607 quandam
752 3522 845 3609 vulgo
854 3522 998 3606 jactatam
1012 3521 1107 3585 odisse

391 3624 656 3710 Sanguinolentam
669 3624 811 3712 Scyllam,

390 3728 475 3807 Quae
491 3727 682 3792 inimicorum
696 3729 791 3815 gratia
897 3775 899 3780 η

389 3827 501 3890 Virum
515 3827 641 3891 charum
653 3828 788 3909 perdidit,
803 3827 929 3893 Creticis

390 3929 499 3995 Aureis
514 3930 676 3993 monilibus

391 4035 544 4106 Persuaaa,
559 4030 645 4094 donis
659 4029 790 4106 Minois3

378 4132 501 4198 Nisum
517 4129 678 4195 immortali
693 4131 801 4212 capillo
858 4226 860 4231 ⁴

389 4231 520 4297 Privavit
533 4231 700 4294 inconsulte

384 4334 546 4416 impudens
559 4331 719 4414 spirantem
732 4331 763 4395 in
777 4334 899 4398 somnis.

382 4434 501 4502 Invenit
513 4455 584 4499 vero
596 4432 696 4516 ipsum
713 4435 892 4498 Mercurius.
