2958 4938
457 280 836 349 CHOEPHORAE.

548 547 743 614 IAMBI.

85 754 192 801 otest.
229 734 324 811 Pater,
340 735 392 825 qui
404 757 488 799 more
503 757 565 798 non
578 735 662 822 regio
677 735 787 813 obiisti,

230 837 365 901 Precanti
381 836 455 899 mihi
468 836 601 899 concede
614 852 648 899 ut
661 836 800 900 dominus
814 836 869 900 sim
883 834 993 901 aedium
1008 851 1136 904 tuarum.

85 957 195 1007 tusca.
229 940 268 1004 Et
281 961 351 1025 ego,
366 959 459 1020 pater,
483 956 533 1002 tua
547 936 604 1001 hac
620 959 677 1020 ope
686 936 819 1023 indigeo,

230 1043 275 1105 Ut
287 1038 414 1127 fugiam,
431 1037 613 1122 splendidam
627 1037 769 1124 AEgistlro
782 1035 910 1102 inferens
922 1055 1062 1105 mortem.
1180 1040 1246 1123 480

230 1143 279 1208 Sic
292 1144 373 1207 enim
385 1138 528 1229 legitiruae
543 1139 595 1204 tibi
610 1140 782 1203 mortalium
794 1140 882 1222 dapes
1150 1136 1154 1143 ’

229 1244 331 1319 Fient3
355 1243 379 1307 si
393 1266 465 1307 vero
480 1264 554 1321 non,
577 1241 652 1305 inter
665 1243 741 1305 bene
755 1258 908 1306 coenantes
922 1243 978 1308 eris

227 1343 401 1408 inhonorus
416 1343 446 1405 in
459 1341 596 1431 flagranti
610 1340 713 1403 nidore
728 1356 822 1404 terrae.

229 1446 269 1509 Et
283 1468 343 1531 ego
357 1443 408 1508 tibi
422 1443 565 1507 libamina
578 1441 720 1523 nuptialia
733 1465 809 1506 meae
825 1440 1002 1507 haereditatis

229 1546 556 1628 Afferamexpatemis
570 1544 691 1610 cedibus.
1181 1548 1246 1636 485

231 1649 383 1713 Omnium
397 1663 497 1711 autern
511 1646 661 1728 praecipue
674 1645 734 1708 hoc
746 1646 866 1709 bustum
882 1648 991 1713 colam.
1134 1642 1137 1649 ’

83 1768 189 1815 onsss.
228 1753 260 1815 Ο
274 1767 359 1826 tetra,
375 1750 412 1813 da
427 1747 501 1812 mihi
516 1764 549 1811 ut
562 1763 643 1830 pater
657 1746 793 1829 inspiciat
806 1769 950 1835 pugnam.

82 1852 189 1916 aanor.
226 1854 258 1916 Ο
273 1850 459 1932 Proserpina,
481 1849 531 1912 des
546 1866 576 1913 et
589 1847 766 1931 praeclarum
779 1849 883 1912 robur.

82 1973 189 2020 nassa.
230 1957 389 2019 Memento
403 1954 579 2018 balneorum
592 1951 700 2039 quibus
713 1950 883 2017 interfectus
895 1975 936 2030 es,
956 1971 1046 2036 pater.

82 2073 189 2121 staca.
232 2059 391 2149 Memento
406 2056 496 2121 etiam
509 2055 578 2120 retis
591 2078 653 2145 quo
668 2070 696 2118 te
709 2055 931 2121 interemerunt.

81 2180 190 2226 osasr.
232 2160 354 2226 Catenis
369 2183 434 2224 non
444 2158 545 2224 feneis
559 2175 662 2244 captus
671 2182 713 2237 es,
733 2175 825 2242 pater.

81 2277 193 2327 erues.
234 2264 270 2326 ln
285 2261 466 2349 tegminibus
478 2261 602 2344 turpiter
614 2260 801 2347 excogitatis.

81 2380 190 2427 onasr.
231 2364 391 2450 Numquid
404 2362 541 2430 excitaris
554 2361 599 2426 his
613 2361 787 2446 opprobriis,
809 2360 909 2446 pater?

83 2480 196 2539 eruca.
235 2464 395 2552 Numquid
408 2479 541 2529 erectum
555 2462 633 2528 tollis
646 2462 853 2527 charissimum
867 2480 953 2529 tuum
967 2462 1075 2549 caput?

229 2569 380 2656 Justitiam
395 2568 480 2633 mitte
496 2589 565 2653 quae
579 2567 736 2631 auxilietur
750 2567 868 2641 amicis;

236 2672 302 2737 Aut
314 2671 421 2736 similia
435 2670 566 2735 invicem
579 2669 629 2733 des
643 2685 677 2732 ut
691 2669 799 2733 damna
813 2669 972 2751 accipiant,

233 2774 264 2839 si
280 2773 400 2860 quidem
412 2787 563 2854 superatus
578 2769 707 2834 vicissim
720 2790 855 2851 superare
871 2769 951 2833 velis.

234 2877 273 2943 Et
285 2878 369 2940 hune
382 2891 551 2939 extremum
564 2871 672 2937 exaudi
685 2871 859 2947 clamorem,
882 2870 973 2953 pater,

233 2979 347 3043 Videas
360 2977 456 3060 pullos
470 2976 562 3039 hosce
573 2989 626 3038 tuo
640 2972 796 3038 insidentes
807 2972 940 3049 tumulo;

234 3080 378 3145 Miserere
393 3076 540 3154 foeminae,
561 3075 710 3163 prolisque
724 3074 830 3156 pariter
842 3071 999 3138 masculae:

234 3182 274 3247 Et
288 3202 326 3245 ne
338 3179 496 3265 extinguas
509 3178 569 3242 hoc
583 3198 684 3241 semen
699 3175 916 3258 Pelopidarum.

236 3281 284 3347 Sic
299 3281 393 3358 enim,
414 3284 478 3344 non
492 3278 624 3355 moreris,
647 3300 686 3340 ne
699 3293 834 3342 mortuus
848 3277 979 3365 quidem.

205 3427 224 3461 ,‚
239 3379 335 3445 Liberi
351 3377 434 3442 enim
446 3376 527 3442 fama
541 3374 673 3441 salutaris
686 3373 772 3439 viro'

204 3532 226 3563 ‚,
241 3483 400 3548 Morienti:
424 3497 494 3546 sunt
508 3495 651 3566 tanquam
665 3479 783 3545 suberes
797 3478 848 3563 qui
863 3477 978 3541 ducunt
991 3489 1063 3561 rete,

206 3634 227 3667 „
240 3587 269 3650 A
284 3585 379 3650 fundo
392 3599 566 3648 contortum
579 3597 726 3647 servantes
739 3581 846 3647 linum.

231 3684 325 3760 dludi,
347 3704 401 3764 pro
415 3696 443 3745 te
456 3681 537 3744 enim
551 3677 629 3743 fiunt
639 3678 672 3741 hi
686 3695 816 3763 questus.

233 3788 299 3868 lpse
312 3807 383 3849 vero
397 3785 530 3861 servaris,
551 3783 634 3847 hunc
648 3782 800 3851 honorans
813 3803 999 3847 sermonem:

233 3889 272 3953 Et
281 3886 402 3973 quidem
413 3884 598 3966 inculpatum
609 3884 692 3947 hunc
706 3894 876 3948 sermonem
889 3881 1018 3962 honora,

235 3993 396 4056 Honorem
411 3987 601 4070 indeploratae
615 3985 723 4049 tumuli
737 3984 876 4051 fortunae.

235 4093 353 4158 Caetera
365 4106 477 4165 autem,
500 4087 645 4175 quoniam
660 4087 764 4153 animo
777 4085 954 4153 constituisti
969 4084 1120 4169 perficere,

232 4199 302 4284 Jam
315 4193 418 4272 facias,
440 4194 501 4261 Dei
514 4192 680 4279 periculum
693 4189 816 4257 faciens.
1154 4190 1160 4199 '

91 4316 198 4368 suess.
239 4300 287 4364 Sic
302 4299 372 4373 erit;
394 4312 478 4364 extra
491 4317 615 4361 cursum
628 4309 729 4359 autem
743 4314 807 4358 non
820 4305 874 4370 est,
893 4291 1073 4383 interrogare
1153 4366 1158 4377 ,

236 4401 328 4467 Unde
342 4399 459 4465 inferias
473 4400 563 4479 misit,
585 4416 647 4484 quo
661 4397 753 4461 verbo
766 4415 842 4462 mota

236 4501 369 4571 Tardius
383 4501 556 4569 demulcens
569 4498 730 4565 insanabile
744 4497 868 4564 malunt.
888 4513 891 4519 ·
