2958 4938
623 1 633 2 ψ
642 1 1082 8 Τ-τ-ὴὴ--ν-,η-ιγἻὴῃ
1088 6 1094 7 7

457 262 864 346 QHOEPHORAE.

240 427 434 516 Sanguinem.
477 428 624 495 Inclamat
635 430 718 496 mrim
728 433 855 497 uitium
870 431 1009 522 Erinnys,

238 532 267 596 A
279 530 360 613 prius
374 528 534 594 interfectis
548 531 711 598 vindictam

238 629 342 695 Aliam
355 629 495 694 vindicta
508 630 627 697 addens.
659 688 662 695 .

380 862 949 934 MONOSTROPHICA.

241 1037 316 1117 Ubi,
329 1036 382 1103 ubi
395 1036 463 1102 estis
477 1034 642 1101 inferorum
655 1035 828 1118 potestates?
848 1035 961 1117 Furit,

241 1140 361 1218 Videte,
377 1155 573 1222 praepotentes
586 1139 661 1202 dirae
673 1138 909 1217 interfectorum,

242 1242 353 1308 Videte
366 1240 540 1307 Atridarum
553 1240 691 1326 reliquiae
705 1242 743 1306 ad
754 1241 905 1329 anguuias

242 1345 399 1421 Remota,
420 1359 450 1408 et
462 1345 500 1407 ab
512 1342 626 1408 aedihus

245 1448 397 1514 Inhonore
411 1462 522 1511 motae:
546 1469 610 1533 quo
624 1446 690 1532 quis
704 1468 735 1510 se
749 1461 853 1524 vertat,
876 1444 1052 1532 OJupiter·?

245 1547 367 1614 subsilit
381 1550 488 1614 iterum
504 1548 577 1613 mihi
591 1549 718 1613 charum
730 1571 795 1629 cor,
1000 1542 1003 1549 ’

246 1650 341 1716 Hunc
356 1650 488 1715 audienti
502 1651 660 1737 gemitum.

173 1754 178 1763 ’
246 1753 285 1816 Et
297 1767 368 1817 tunc
382 1751 503 1839 quidem
518 1751 579 1832 spei
592 1770 706 1834 expers,

244 1853 369 1919 Viscera
380 1876 448 1919 mea
461 1853 679 1917 conturbantur

244 1955 385 2020 Verbum
397 1955 457 2018 hoc
473 1955 546 2019 dum
561 1953 662 2019 audio.

246 2056 273 2120 E
287 2071 402 2135 contra,
420 2078 491 2120 cum
508 2055 596 2121 fortia

247 2156 431 2244 Strenuaque
439 2157 563 2244 profers,
579 2157 704 2223 destillat
716 2155 813 2236 dolor,

247 2263 293 2326 Ut
305 2283 351 2326 res
362 2261 437 2326 mihi
451 2283 600 2344 prosperae
612 2262 776 2326 videantur.

248 2362 333 2443 Quid
348 2383 420 2433 vero
434 2362 585 2427 dicemus?
606 2386 680 2427 num
694 2363 811 2427 dolores

248 2463 339 2544 Quos
354 2463 428 2545 passi
442 2485 545 2528 sumus
559 2488 577 2529 a
590 2464 750 2552 genitrice?

249 2563 379 2629 Biandiri
395 2561 474 2643 licet,
488 2565 556 2629 haec
572 2583 672 2629 eutem
687 2586 751 2628 non
764 2562 981 2630 demulcentur.

247 2664 412 2749 Tanquam
426 2664 496 2747 lupa
510 2666 645 2742 crudelis,
1090 2749 1093 2755 1

251 2763 453 2847 Implacabilis
466 2780 511 2830 est
523 2766 624 2830 manis
637 2765 763 2830 animus.
1046 2824 1049 2829 ,
1116 2830 1122 2839 ,
1203 2781 1270 2849 420

249 2863 308 2929 Icit
322 2865 416 2930 icturn
431 2865 588 2947 Martium,
611 2864 717 2932 Cissiae

251 2967 343 3031 More
357 2965 525 3045 bellatricis,

251 3064 389 3132 Firmiter
402 3067 515 3131 scilicet
528 3067 723 3132 inconcussos
737 3079 768 3130 et
777 3062 1001 3130 circumductor
1012 3062 1109 3130 videre
1123 3062 1218 3142 licuit,

251 3167 432 3252 Frequenter
445 3189 551 3232 manus
565 3166 656 3230 ictus:

253 3268 305 3331 Ab
319 3267 382 3331 aito
396 3269 517 3357 alonge
531 3267 631 3332 sonitu
646 3267 798 3350 strepitum
813 3263 905 3331 edidit
1208 3284 1249 3348 42
1252 3282 1273 3351 5

254 3369 409 3433 Pulsatum
423 3385 559 3435 nostrum
570 3385 600 3434 et
613 3370 812 3435 miserrimum
827 3381 926 3449 caput.

254 3468 359 3534 Eheu!
383 3469 461 3534 eheu
475 3471 599 3535 inimica

253 3570 462 3636 Audacissima
475 3572 598 3636 mulier!
623 3595 692 3659 quae
706 3568 807 3634 hostili
821 3568 926 3634 fitnere

255 3669 324 3736 Sine
339 3672 454 3737 civibus
467 3694 580 3762 regem,

256 3771 326 3835 Sine
338 3771 467 3837 luctibus

255 3872 404 3937 Maritum
418 3872 592 3939 indedetnm
606 3873 727 3956 sepelire
736 3871 916 3938 sustinuisti!
1080 3956 1084 3963 ³

259 3969 413 4038 Inhonora
427 3994 496 4045 sunt
509 3990 620 4040 cuncta
634 3996 704 4061 quae
719 3972 901 4051 memorasti,
916 3973 966 4039 hei
981 3971 1073 4039 mihi!

257 4074 351 4140 Panis
365 4097 437 4140 vero
452 4077 651 4164 ignominiam
665 4076 809 4143 Vindicta
820 4075 936 4161 puniet,

256 4176 385 4242 Auxiiio
399 4179 522 4264 quidem
536 4181 672 4256 deorum,

257 4277 444 4364 Auxilioque
457 4299 625 4346 nostrarum
637 4300 795 4345 nundum.
1007 4294 1010 4299 “
1213 4296 1277 4366 435

258 4377 387 4459 Deinde,
402 4404 474 4447 cum
487 4380 674 4458 interfecero,
694 4380 815 4446 moriar.

100 4493 219 4548 rerer.
255 4482 430 4567 Ampuenae
441 4499 510 4548 sunt
522 4481 721 4549 extremiutes
733 4480 876 4565 eorporis,
890 4494 926 4547 ut
939 4481 999 4550 hoc
1015 4497 1138 4568 quoque
1150 4475 1234 4544 scias.
