2992 4942
218 351 282 421 154
513 343 596 458 ’IN
629 338 1044 415 CHOEPHORAS

213 507 321 586 βροτοῖς.
344 499 509 568 Souurz.
550 497 671 566 Totum
695 499 817 582 locum,
839 500 930 588 quasi
956 496 1159 588 periphrasin
1179 495 1281 585 ipsius
1306 490 1403 583 Apol·

213 586 289 652 linis
321 587 418 652 vertit
456 585 621 676 Interpres
658 586 783 667 Gallus,
819 585 988 674 ingeniose
1025 585 1167 672 quidem,
1204 584 1264 648 sed
1294 601 1404 683 parurn

215 688 327 739 reete.
363 670 454 738 Celui
477 673 532 759 qui
558 673 696 760 eppreud
720 694 785 738 aur
806 671 929 738 mortebs
949 670 970 739 d
987 672 1100 738 colmer
1113 671 1162 736 des
1175 664 1281 737 mbnes
1295 666 1406 746 rrritbr,

216 759 374 834 Rectius,
396 758 529 825 Schutz.
568 759 626 824 sed
668 758 774 825 minus
812 777 922 825 tamen
962 773 1123 838 securare,
1165 756 1245 822 Huc
1287 753 1407 843 quidem

217 844 364 911 Deorum
387 846 533 910 manium
561 846 715 911 iratorum
737 844 863 932 piacula
887 867 924 910 er
951 856 1036 910 terre
1062 851 1209 934 (propter
1239 854 1410 939 corruptos

216 947 309 997 terrae
340 931 478 1008 fruetus)
517 930 635 1001 civibus
664 931 859 1012 denuntians,
891 942 1014 1017 purtem
1049 931 1139 996 nobis
1173 927 1298 1018 quidem
1343 925 1412 1014 rpris

217 1019 350 1095 morbos,
371 1018 425 1095 bre.
469 1018 686 1084 S.·Brrrr.sn.

261 1112 637 1180 insusurrans
662 1119 811 1170 uotorr.
867 1103 935 1192 Ipsi
966 1102 1074 1169 Oresti
1100 1103 1247 1168 minatur
1279 1097 1414 1187 Apollo,

216 1213 294 1256 eum
316 1190 406 1278 lepra
420 1189 577 1255 afflictum
594 1191 644 1269 iri,
667 1192 729 1255 nisi
746 1205 871 1290 patrem
887 1189 1071 1255 ulciscatur.
1115 1187 1294 1261 Quodnam
1312 1206 1415 1274 genus

165 1278 170 1287 '
218 1278 325 1343 morbi
341 1277 396 1342 hie
411 1276 609 1364 designetur,
631 1281 758 1342 etiamst
774 1277 807 1341 in
823 1294 921 1365 poeta
937 1276 1074 1364 tragico,
1096 1296 1196 1360 aquo
1210 1273 1417 1339 medicorum

219 1363 431 1430 subtilitatem
454 1362 541 1428 haud
571 1385 613 1426 ex
639 1376 737 1441 ectes,
770 1362 882 1427 inutile
908 1361 1016 1428 forsan
1047 1363 1194 1427 videatur
1221 1360 1416 1447 disquirere,

220 1464 328 1516 temen
351 1464 541 1548 comparato
565 1386 652 1514 celii
679 1449 753 1516 loeo
776 1449 818 1514 de
840 1448 967 1515 Medic.
984 1447 1024 1515 V.
1040 1456 1093 1516 28.
1118 1446 1338 1512 dubitandum
1354 1465 1419 1509 non

115 1612 118 1619 ¹
220 1557 348 1614 censeo,
370 1557 449 1622 qum
473 1537 515 1635 sit
538 1537 663 1624 species
689 1534 868 1623 vitiliginis,
889 1557 960 1620 quse
985 1537 1058 1602 nisui
1081 1534 1260 1600 dicebatur.
1289 1529 1418 1618 Wrutgo

221 1644 341 1712 quoque
364 1643 578 1711 quamvisper
601 1643 631 1686 re
659 1620 779 1687 nullum
796 1621 971 1708 periculum
992 1619 1108 1709 ardfert,
1139 1629 1245 1684 tumen
1272 1629 1303 1684 et
1325 1616 1419 1704 fudo

222 1718 317 1774 estet
343 1730 383 1773 ex·
402 1706 485 1773 mulo
509 1708 645 1795 corporis
669 1707 780 1772 babitu
794 1705 852 1793 fit.
900 1706 979 1796 Ejus
998 1718 1058 1772 tres
1078 1705 1185 1792 species
1198 1716 1282 1770 sunt.
1318 1706 1424 1784 ‘Areu'

221 1806 361 1873 nocetur,
382 1794 438 1859 ubi
460 1793 544 1859 color
568 1792 659 1859 albus
687 1803 741 1872 est,
762 1791 838 1880 fere
862 1794 1019 1878 subasper,
1043 1804 1072 1859 et
1094 1815 1157 1857 non
1183 1793 1360 1871 continuio,
1385 1800 1420 1854 ut

223 1881 361 1970 quedem
383 1880 472 1968 queri
482 1891 581 1968 gutte
594 1879 734 1966 disperse
748 1901 807 1945 erse
819 1879 996 1946 videantur.
1035 1877 1200 1944 Interdum
1213 1877 1311 1942 etium
1327 1876 1421 1941 letius

223 1978 253 2031 et
279 1990 346 2033 cum
378 1966 559 2053 quibusdum
588 1966 859 2033 intermissionibus
886 1966 991 2052 serpit.
1047 1975 1135 2036 urtam
1167 1963 1270 2030 colore
1296 1963 1343 2028 ab
1369 1962 1421 2028 bor

224 2050 341 2139 difflrt,
362 2053 437 2140 quia
458 2051 547 2141 niger
567 2063 610 2117 est
631 2063 661 2118 et
678 2053 794 2117 umbre
814 2051 926 2133 sinilia
946 2050 1068 2117 Cetera
1089 2050 1192 2116 eodem
1214 2061 1298 2117 runt.
1343 2049 1422 2115 unvai

225 2137 318 2203 babet
359 2137 507 2223 quiddam
539 2135 639 2203 rimi-le
674 2137 779 2225 ulqrbo,
816 2138 870 2203 sed
900 2138 996 2225 magis
1024 2135 1132 2202 albida
1164 2146 1219 2218 est,
1256 2146 1289 2202 et
1330 2134 1423 2201 atriu

226 2222 388 2302 Ascendit,
420 2241 461 2287 ru
486 2242 607 2305 sequa
634 2244 722 2289 unet
747 2244 825 2289 erar
852 2244 950 2290 suun
971 2243 1015 2288 er
1035 2243 1230 2289 eruuntur
1249 2243 1424 2289 srurnas.

229 2304 345 2375 Omnia
385 2308 446 2374 ber
475 2318 612 2397 serpunt,
646 2310 699 2375 sed
726 2310 761 2375 in
802 2309 873 2376 aliis
907 2308 1033 2375 celerius
1063 2312 1097 2375 in
1138 2309 1208 2375 eliis
1241 2308 1425 2374 tardius.-

228 2394 330 2462 Leuee
361 2415 451 2483 quem
479 2395 637 2483 occupavit
666 2395 751 2462 baud
768 2394 870 2483 facile
904 2396 1044 2461 dimittit.
1106 2395 1262 2461 Cetemm
1310 2394 1423 2461 Schol

228 2482 328 2548 verbe
341 2486 431 2552 λευκὰς
445 2484 469 2544 rt
483 2488 574 2566 κόρσας
590 2485 644 2570 τῇδ’
659 2491 814 2547 {nantum
829 2492 898 2568 deq,
912 2483 953 2548 de
968 2483 1073 2547 morbi
1090 2481 1270 2571 pertinacia
1283 2481 1426 2570 accepit,

227 2569 284 2656 qui
307 2566 457 2633 Orestem
480 2590 581 2654 usqne
604 2567 646 2633 ad
672 2568 834 2634 canitiem.
847 2570 889 2633 sit
909 2583 1093 2635 vexaturus.
1137 2568 1259 2633 Verum
1280 2568 1340 2634 bic
1356 2590 1426 2633 sen·

228 2678 282 2721 sus
311 2655 417 2719 minus
443 2673 538 2741 aptus
567 2669 617 2718 est
652 2656 757 2721 verbis
787 2657 829 2719 ab
858 2654 1016 2742 AEsebylo
1042 2655 1215 2743 diligenter
1243 2652 1354 2735 lectis,
1386 2654 1426 2721 ad

229 2741 481 2829 significandum
504 2741 664 2826 peculiare
694 2741 789 2827 hujus
815 2743 920 2806 morbi
949 2747 1109 2823 σόμπυμ.
1153 2741 1318 2808 Serrurz.
1381 2740 1427 2806 Eu

229 2824 328 2915 leprae
358 2827 543 2915 descriptio,
575 2826 746 2906 Mosaieae,
780 2826 884 2892 Levit.
899 2827 970 2894 xiii.
1003 2842 1037 2892 et
1067 2849 1134 2913 seq.
1166 2848 1233 2892 non
1268 2827 1427 2894 absimilis

231 2912 291 2979 est.
350 2912 467 2978 Rarior
496 2913 583 2999 apud
613 2913 747 2978 Graecos
789 2913 830 2977 de
870 2913 984 2979 infami
1015 2915 1132 2979 morbo
1167 2933 1287 2992 sermo,
1328 2935 1427 3000 quem

231 2998 380 3067 omnium
403 3020 479 3064 vero
502 2999 671 3064 elimatum
696 2999 906 3087 experientiae
929 3021 1000 3064 esse
1024 2999 1185 3087 probavit,
1208 3000 1353 3065 eundem
1370 3022 1427 3087 pro

232 3085 379 3151 moribus
395 3084 615 3170 institutisque
629 3100 811 3172 serpentem
830 3085 878 3149 vel
893 3086 1087 3150 extinctum.
1133 3085 1189 3150 Io.
1206 3083 1388 3153 Mutuus.

275 3178 583 3246 r.279.sr>xA1Au
605 3186 724 3239 oraru.
771 3168 917 3257 Hesych.
963 3182 1080 3255 ’uexata
1100 3177 1185 3253 ptos„
1207 3177 1292 3257 legs
1307 3183 1343 3238 es
1358 3181 1430 3238 mo

233 3255 382 3328 κατάφασις
395 3259 472 3337 παρὰ
484 3258 660 3341 ‘termarum
702 3257 800 3323 Plura
814 3256 909 3322 Fo'es.
926 3257 959 3321 in
976 3257 1155 3324 OEeonom.
1201 3256 1333 3334 Pnnw.

278 3354 309 3418 r.
322 3349 400 3407 284.
431 3356 478 3406 ro
508 3357 576 3407 rur
606 3358 822 3412 sroreruou.
867 3341 1099 3408 Tenebricosum
1127 3343 1208 3410 enim
1247 3345 1299 3431 (h.
1326 3367 1359 3412 e.
1389 3367 1431 3415 ex

236 3427 368 3493 occulto
399 3428 462 3492 rim
486 3450 576 3495 suam
601 3433 767 3508 exserens)
802 3425 973 3517 inferorum
998 3429 1162 3512 (Deorum
1192 3428 1364 3510 Manium,
1396 3446 1432 3498 ut

235 3512 271 3580 h.
293 3514 315 3579 l.
347 3515 616 3601 Agamemnonis)
651 3514 757 3595 telum,
793 3515 847 3601 qui
882 3516 1099 3580 sceleratorum
1135 3519 1434 3608 comenguineorura

234 3622 332 3667 mauu
350 3599 518 3687 perierunt,
540 3611 571 3666 et
594 3599 694 3666 rabies
719 3611 749 3666 et
771 3623 869 3666 oenus
886 3622 946 3687 per
967 3613 1082 3669 noctem
1104 3614 1201 3668 metus
1220 3604 1340 3691 agitet,
1363 3627 1434 3692 per·

235 3684 359 3764 turbat,
391 3707 428 3750 es
448 3686 525 3752 urbe
549 3686 653 3775 patria
669 3685 796 3774 pulsum
815 3687 1011 3774 persequitur
1033 3689 1252 3778 ereoflegello
1278 3689 1434 3757 bominem

235 3770 344 3836 misere
366 3769 523 3857 afflictum.
574 3772 660 3839 Haeo
683 3772 878 3838 illustrantur
905 3773 1107 3839 nobilissimo
1131 3774 1304 3842 Ciceronis
1331 3778 1436 3858 dicto,

238 3855 331 3922 Orat.
363 3879 423 3943 pro
457 3857 557 3922 Rose.
583 3861 729 3925 Amerin.
746 3883 778 3924 o.
793 3869 849 3925 24.
881 3856 988 3926 Nolite
1013 3861 1093 3926 enim
1120 3873 1247 3947 putore,
1281 3864 1437 3961 quenad-

238 3942 363 4006 modum
396 3941 432 4007 in
464 3941 593 4029 fabulis
634 3966 834 4031 sepenumero
864 3943 982 4025 videtis,
1016 3967 1065 4012 eos
1104 3947 1159 4033 qui
1187 3947 1313 4035 aliquid
1345 3951 1438 4039 impie

236 4025 442 4114 reeberoteque
464 4029 676 4109 commiserint,
701 4030 822 4118 agitari
848 4040 878 4096 et
891 4035 1063 4117 perterreri
1073 4031 1244 4119 furiarum
1269 4034 1362 4101 redis
1385 4061 1438 4103 or·

239 4111 390 4177 dentibru.
437 4112 505 4179 Sue
526 4136 674 4202 quemque
682 4116 783 4206 fraus
805 4126 836 4181 et
857 4137 929 4181 suus
948 4128 1049 4200 terror
1066 4120 1198 4184 mamme
1215 4131 1323 4202 verat,
1346 4146 1436 4189 suurn

239 4199 499 4299 quernquefeebus
529 4202 641 4299 agitat,
673 4204 867 4287 ruentisque
896 4202 1002 4286 officit,
1034 4225 1095 4269 sua
1119 4205 1210 4272 mole
1232 4209 1438 4295 cogitationes

240 4292 390 4348 comerent
449 4288 604 4354 ue‘enrmr'
622 4296 750 4363 terrent.
781 4287 940 4352 Scuurz.
996 4289 1074 4355 Non
1103 4306 1177 4356 sunt
1206 4291 1278 4357 hee
1312 4294 1438 4363 Orestis

242 4368 351 4444 verbs,
468 4369 641 4457 Apollinis,
670 4372 977 4459 subintelligendum
1008 4376 1108 4461 igitur
1137 4392 1213 4464 post
1241 4389 1382 4462 mcum,
1410 4393 1438 4457 ὃς

242 4456 349 4548 ipsqui,
371 4453 421 4519 vel
434 4453 497 4521 tale
511 4455 644 4542 aliquid,
666 4473 701 4523 et
715 4472 790 4547 post
804 4469 855 4529 mir
867 4463 985 4539 τούτοις,
1008 4474 1039 4537 t·
1052 4471 1129 4536 289.
1152 4468 1245 4546 lpu'm,
1262 4465 1316 4531 vel
1330 4474 1437 4549 ἴφιω,

243 4557 364 4603 omum
384 4546 425 4608 bs.
468 4540 687 4611 &Burnum
