2958 4938
449 234 858 309 CHOEPHORAE.

229 394 311 464 Dolo
323 395 414 461 etiam
428 393 582 478 capiantur
596 393 628 459 in
642 393 750 461 eodem
762 393 872 483 laqueo

226 496 379 574 Morituri,
401 496 556 583 quomodo
570 509 601 558 et
615 494 724 559 Loxiaa
738 494 819 576 prius
832 492 940 559 effatus
953 507 1007 572 est,

226 597 291 662 Rex
306 591 432 677 Apollo,
452 612 533 659 vates
545 617 609 658 non
622 595 760 659 mendax.

225 701 347 781 Hospiti
361 698 442 764 enim
455 699 568 776 similis,
589 697 755 782 perfectum
769 698 882 762 habena
895 720 1014 786 sagum,

225 804 357 869 Veniam
370 824 443 868 cum
457 803 518 868 hoc
533 802 608 881 viro,
624 802 746 891 Pylade,
761 803 799 867 ad
813 802 890 867 aulae
903 818 1004 885 portae

224 907 264 972 Et
276 908 395 990 hospes,
416 929 452 971 ac
467 907 577 971 ’veluti
589 904 673 970 hasta
686 921 795 988 partus,
810 904 933 971 aedium.

225 1011 355 1097 Utrique
367 1026 467 1076 autem
481 1032 591 1075 vocem
603 1009 773 1075 emittemus
789 1010 1003 1087 Parnemidem,

223 1115 352 1201 Linguae
367 1114 529 1181 Phocensis
542 1136 652 1181 sonum
665 1113 842 1181 imitantem.

223 1218 292 1282 Nec
307 1216 427 1302 quidem
437 1216 602 1301 janitomm
616 1216 776 1304 quiequam
789 1218 861 1283 laeto
872 1215 977 1281 animo

223 1318 360 1399 Recipiet
372 1342 430 1395 nos,
445 1318 553 1382 domus
566 1316 647 1385 enim
661 1340 700 1382 ex
714 1318 800 1382 malit
813 1317 931 1382 insanit.

224 1415 419 1480 Manebimua
431 1414 494 1493 hic,
516 1431 626 1481 utrem
639 1417 783 1500 conjiciat
796 1416 864 1502 quis

225 1517 317 1584 AEdes
327 1515 506 1597 praeteriens,
528 1531 558 1579 et
571 1514 639 1580 haec
653 1516 799 1598 proferat,

226 1618 311 1699 Quid
325 1619 446 1702 ajanua
458 1617 622 1700 supplicem
636 1617 752 1694 arcetis,

224 1719 380 1804 AEgisthus
394 1717 418 1782 si
433 1718 515 1782 domi
530 1717 726 1802 praecensuit?

225 1819 255 1883 Si
269 1820 360 1905 igitur
373 1817 514 1884 transiero
527 1818 619 1882 limen
630 1819 792 1903 januarum
805 1818 894 1896 aulae,
964 1822 974 1874 '-

223 1920 372 2006 Illumque
385 1919 415 1983 in
430 1920 506 1984 solio
519 1918 607 2002 patris
623 1920 776 1999 invenero,

224 2025 289 2087 Aut
300 2024 325 2086 si
339 2023 460 2089 veniens
474 2038 576 2105 postea
589 2024 626 2088 ad
640 2046 675 2088 oa

223 2128 388 2215 Loquetur,
410 2144 440 2192 et
452 2128 483 2191 in
497 2143 693 2211 conspectum
707 2128 816 2207 veniet,
837 2128 923 2210 plane
935 2125 1021 2204 scias,

224 2230 400 2316 Priusquam
414 2230 476 2311 ipse
489 2229 577 2309 dicat,
599 2230 694 2316 Cujas
707 2244 751 2295 ett
763 2228 888 2312 hospes?
910 2242 1066 2293 mottmrtn

225 2333 342 2412 sistam,
364 2334 452 2398 celeri
464 2333 571 2399 feriens
585 2356 664 2399 ense.

223 2435 353 2524 Erinnys
367 2459 448 2514 vero,
470 2460 539 2522 quae
554 2460 572 2501 a
586 2438 669 2502 caede
681 2459 748 2502 raro
761 2439 853 2514 abest,
1178 2448 1241 2518 575

222 2536 358 2600 Immixti
371 2538 524 2624 sanguinis
539 2539 638 2603 ebibet
652 2540 772 2603 tertium
785 2540 937 2604 haustum.

223 2639 276 2703 Tu
290 2638 391 2724 igitur,
407 2653 451 2717 tu,
467 2636 595 2717 Electra,
610 2660 680 2725 quae
694 2641 728 2705 in
737 2642 831 2705 domo
840 2654 912 2704 aunt
924 2636 1048 2721 pulchre
1060 2654 1154 2711 serva,
1208 2675 1238 2712 ὦ,

224 2742 269 2806 Ut
281 2742 357 2804 bene
371 2757 471 2822 parata
483 2743 551 2806 haec
565 2742 713 2807 evariant.

223 2845 291 2907 Vos
304 2857 405 2907 autem
419 2842 523 2907 hortor
535 2844 669 2931 linguam
683 2842 833 2907 faventem
847 2841 933 2918 ferre,

224 2943 312 3008 Silere
323 2944 375 3007 ubi
390 2945 548 3025 oportebit,
569 2960 599 3008 et
612 2960 781 3027 opportuna
795 2943 889 3029 loqui.
1177 2933 1241 3020 580

221 3043 315 3110 Hunc
328 3044 467 3130 Pyladem
480 3063 659 3110 caeterorum
670 3067 774 3111 euram
786 3045 897 3110 habete
909 3041 993 3120 volo,

223 3143 411 3212 Gladiatoria
425 3149 587 3213 certamina
599 3170 739 3231 prospera
752 3147 828 3214 mihi
840 3146 1021 3211 reddentem.

368 3384 918 3455 ANTISTROPHICA.

478 3583 741 3652 STROPHE
778 3603 803 3649 1.

223 3743 324 3810 Multa
338 3745 459 3833 quidem
472 3769 522 3812 aer
535 3747 628 3813 nutrit

224 3856 383 3920 Horrenda
397 3872 428 3921 et
443 3855 591 3934 terribilia,

224 3956 413 4042 Marinaeqoe
427 3957 507 4021 ulnae
521 3956 664 4020 animalia
1177 3948 1240 4033 585

223 4057 357 4122 Adversa
370 4059 546 4123 mortalibus

227 4159 410 4238 Producunt,
424 4176 587 4225 nascuntur
601 4158 691 4223 etiam
702 4156 824 4236 mediae,
838 4154 914 4220 inter
923 4156 1024 4220 corium
1034 4168 1060 4218 et
1074 4166 1190 4229 terram,

227 4262 543 4347 Lampadeaexcelsae,

369 4443 380 4475 ³
400 4437 464 4501 MS.
488 4406 588 4503 Veluti
599 4435 706 4498 amicus
720 4433 829 4495 adium

633 4533 672 4596 M
