<?xml version="1.0" encoding="UTF-8"?>
<!DOCTYPE html PUBLIC "-//W3C//DTD XHTML 1.0 Transitional//EN"
    "http://www.w3.org/TR/xhtml1/DTD/xhtml1-transitional.dtd">
<html xmlns="http://www.w3.org/1999/xhtml" xml:lang="en" lang="en">
 <head>
  <title>
</title>
<meta http-equiv="Content-Type" content="text/html;charset=utf-8" />
  <meta name='ocr-system' content='tesseract 3.04.00' />
  <meta name='ocr-capabilities' content='ocr_page ocr_carea ocr_par ocr_line ocrx_word'/>
</head>
<body>
  <div class='ocr_page' id='page_1' title='image "./schylitragdiqus01aescgoog_0361.png"; bbox 0 0 2992 4942; ppageno 0'>
   <div class='ocr_carea' id='block_1_1' title="bbox 223 294 1058 417">
    <p class='ocr_par' dir='ltr' id='par_1_1' title="bbox 223 294 1058 417">
     <span class='ocr_line' id='line_1_1' title="bbox 223 294 1058 417; baseline 0.001 -44"><span class='ocrx_word' id='word_1_1' title='bbox 223 306 285 373; x_wconf 80' lang='lat' dir='ltr'>ros</span> <span class='ocrx_word' id='word_1_2' title='bbox 340 398 344 407; x_wconf 17' lang='grc' dir='ltr'>ι</span> <span class='ocrx_word' id='word_1_3' title='bbox 543 294 608 373; x_wconf 85' lang='lat' dir='ltr'>tu</span> <span class='ocrx_word' id='word_1_4' title='bbox 649 302 1058 417; x_wconf 73' lang='lat' dir='ltr'>cuonruonxs</span> 
     </span>
    </p>
   </div>
   <div class='ocr_carea' id='block_1_2' title="bbox 115 460 1480 4515">
    <p class='ocr_par' dir='ltr' id='par_1_2' title="bbox 115 460 1479 1760">
     <span class='ocr_line' id='line_1_2' title="bbox 218 460 1400 550; baseline 0.003 -25"><span class='ocrx_word' id='word_1_5' title='bbox 218 472 328 526; x_wconf 85' lang='lat' dir='ltr'>autem</span> <span class='ocrx_word' id='word_1_6' title='bbox 348 471 556 548; x_wconf 84' lang='lat' dir='ltr'>comparetur</span> <span class='ocrx_word' id='word_1_7' title='bbox 580 484 654 526; x_wconf 92' lang='lat' dir='ltr'>cum</span> <span class='ocrx_word' id='word_1_8' title='bbox 670 460 723 526; x_wconf 87' lang='lat' dir='ltr'>illa</span> <span class='ocrx_word' id='word_1_9' title='bbox 738 463 854 550; x_wconf 89' lang='lat' dir='ltr'>pedem</span> <span class='ocrx_word' id='word_1_10' title='bbox 871 461 1045 531; x_wconf 77' lang='lat' dir='ltr'>calcatura,</span> <span class='ocrx_word' id='word_1_11' title='bbox 1064 485 1131 549; x_wconf 90' lang='lat' dir='ltr'>qua</span> <span class='ocrx_word' id='word_1_12' title='bbox 1145 462 1285 529; x_wconf 91' lang='lat' dir='ltr'>coelator</span> <span class='ocrx_word' id='word_1_13' title='bbox 1300 473 1400 529; x_wconf 89' lang='lat' dir='ltr'>rotam</span> 
     </span>
     <span class='ocr_line' id='line_1_3' title="bbox 218 547 1401 637; baseline 0.003 -26"><span class='ocrx_word' id='word_1_14' title='bbox 218 547 310 634; x_wconf 89' lang='lat' dir='ltr'>operi</span> <span class='ocrx_word' id='word_1_15' title='bbox 342 570 402 612; x_wconf 80' lang='lat' dir='ltr'>suo</span> <span class='ocrx_word' id='word_1_16' title='bbox 432 548 659 614; x_wconf 83' lang='lat' dir='ltr'>inservientem</span> <span class='ocrx_word' id='word_1_17' title='bbox 690 562 830 634; x_wconf 87' lang='lat' dir='ltr'>torquet.</span> <span class='ocrx_word' id='word_1_18' title='bbox 876 547 958 615; x_wconf 82' lang='lat' dir='ltr'>Haec</span> <span class='ocrx_word' id='word_1_19' title='bbox 987 552 1109 636; x_wconf 90' lang='lat' dir='ltr'>pedum</span> <span class='ocrx_word' id='word_1_20' title='bbox 1135 550 1300 616; x_wconf 83' lang='lat' dir='ltr'>calcatura</span> <span class='ocrx_word' id='word_1_21' title='bbox 1328 553 1401 637; x_wconf 88' lang='lat' dir='ltr'>quia</span> 
     </span>
     <span class='ocr_line' id='line_1_4' title="bbox 216 634 1401 723; baseline 0.003 -26"><span class='ocrx_word' id='word_1_22' title='bbox 216 634 323 698; x_wconf 86' lang='lat' dir='ltr'>mollis</span> <span class='ocrx_word' id='word_1_23' title='bbox 352 647 388 698; x_wconf 89' lang='lat' dir='ltr'>et</span> <span class='ocrx_word' id='word_1_24' title='bbox 416 634 582 718; x_wconf 75' lang='lat' dir='ltr'>aequabilis</span> <span class='ocrx_word' id='word_1_25' title='bbox 614 651 662 699; x_wconf 91' lang='lat' dir='ltr'>est</span> <span class='ocrx_word' id='word_1_26' title='bbox 694 635 813 700; x_wconf 85' lang='lat' dir='ltr'>dicitnr</span> <span class='ocrx_word' id='word_1_27' title='bbox 836 639 943 718; x_wconf 71' lang='grc' dir='ltr'><strong>ἥσυχος,</strong></span> <span class='ocrx_word' id='word_1_28' title='bbox 974 637 1122 723; x_wconf 87' lang='lat' dir='ltr'>adeoque</span> <span class='ocrx_word' id='word_1_29' title='bbox 1145 637 1274 702; x_wconf 87' lang='lat' dir='ltr'>Latinis</span> <span class='ocrx_word' id='word_1_30' title='bbox 1299 638 1401 702; x_wconf 85' lang='lat' dir='ltr'>verbis</span> 
     </span>
     <span class='ocr_line' id='line_1_5' title="bbox 217 719 1401 809; baseline 0.003 -25"><span class='ocrx_word' id='word_1_31' title='bbox 217 734 324 785; x_wconf 87' lang='lat' dir='ltr'>totum</span> <span class='ocrx_word' id='word_1_32' title='bbox 357 719 466 785; x_wconf 90' lang='lat' dir='ltr'>locum</span> <span class='ocrx_word' id='word_1_33' title='bbox 500 721 546 785; x_wconf 90' lang='lat' dir='ltr'>sic</span> <span class='ocrx_word' id='word_1_34' title='bbox 575 723 798 807; x_wconf 85' lang='lat' dir='ltr'>expresserim.</span> <span class='ocrx_word' id='word_1_35' title='bbox 843 720 922 786; x_wconf 78' lang='lat' dir='ltr'>Hac</span> <span class='ocrx_word' id='word_1_36' title='bbox 953 722 1142 809; x_wconf 84' lang='lat' dir='ltr'>igiturque</span> <span class='ocrx_word' id='word_1_37' title='bbox 1175 723 1235 788; x_wconf 85' lang='lat' dir='ltr'>tibi</span> <span class='ocrx_word' id='word_1_38' title='bbox 1264 724 1401 801; x_wconf 82' lang='lat' dir='ltr'>narravi,</span> 
     </span>
     <span class='ocr_line' id='line_1_6' title="bbox 215 805 1401 897; baseline 0.002 -27"><span class='ocrx_word' id='word_1_39' title='bbox 215 807 319 870; x_wconf 69' lang='lat' dir='ltr'>mama</span> <span class='ocrx_word' id='word_1_40' title='bbox 339 815 392 870; x_wconf 85' lang='lat' dir='ltr'>tao</span> <span class='ocrx_word' id='word_1_41' title='bbox 413 805 565 883; x_wconf 86' lang='lat' dir='ltr'>inscribe;</span> <span class='ocrx_word' id='word_1_42' title='bbox 587 806 762 893; x_wconf 86' lang='lat' dir='ltr'>deindefac</span> <span class='ocrx_word' id='word_1_43' title='bbox 777 818 812 872; x_wconf 88' lang='lat' dir='ltr'>at</span> <span class='ocrx_word' id='word_1_44' title='bbox 826 808 928 895; x_wconf 84' lang='lat' dir='ltr'>quieta</span> <span class='ocrx_word' id='word_1_45' title='bbox 944 809 1050 873; x_wconf 82' lang='lat' dir='ltr'>mentis</span> <span class='ocrx_word' id='word_1_46' title='bbox 1064 810 1231 897; x_wconf 82' lang='lat' dir='ltr'>agitatione</span> <span class='ocrx_word' id='word_1_47' title='bbox 1246 824 1401 894; x_wconf 87' lang='lat' dir='ltr'>tanquam</span> 
     </span>
     <span class='ocr_line' id='line_1_7' title="bbox 216 890 1404 980; baseline 0.003 -24"><span class='ocrx_word' id='word_1_48' title='bbox 216 891 334 957; x_wconf 84' lang='lat' dir='ltr'>artifex</span> <span class='ocrx_word' id='word_1_49' title='bbox 368 892 503 980; x_wconf 89' lang='lat' dir='ltr'>pedibus</span> <span class='ocrx_word' id='word_1_50' title='bbox 539 892 666 958; x_wconf 88' lang='lat' dir='ltr'>calcans</span> <span class='ocrx_word' id='word_1_51' title='bbox 678 890 803 959; x_wconf 63' lang='lat' dir='ltr'>motam</span> <span class='ocrx_word' id='word_1_52' title='bbox 843 897 1025 980; x_wconf 91' lang='lat' dir='ltr'>torquendo</span> <span class='ocrx_word' id='word_1_53' title='bbox 1054 896 1193 962; x_wconf 82' lang='lat' dir='ltr'>altiorem</span> <span class='ocrx_word' id='word_1_54' title='bbox 1222 895 1404 974; x_wconf 78' lang='lat' dir='ltr'>celaturam</span> 
     </span>
     <span class='ocr_line' id='line_1_8' title="bbox 213 978 1479 1070; baseline 0.002 -28"><span class='ocrx_word' id='word_1_55' title='bbox 213 978 328 1056; x_wconf 85' lang='lat' dir='ltr'>ducas‚·</span> <span class='ocrx_word' id='word_1_56' title='bbox 351 978 384 1042; x_wconf 86' lang='lat' dir='ltr'>h.</span> <span class='ocrx_word' id='word_1_57' title='bbox 403 1000 432 1045; x_wconf 92' lang='lat' dir='ltr'>e.</span> <span class='ocrx_word' id='word_1_58' title='bbox 455 979 547 1067; x_wconf 87' lang='lat' dir='ltr'>plura</span> <span class='ocrx_word' id='word_1_59' title='bbox 569 1002 667 1066; x_wconf 91' lang='lat' dir='ltr'>quam</span> <span class='ocrx_word' id='word_1_60' title='bbox 688 981 840 1065; x_wconf 89' lang='lat' dir='ltr'>equidem</span> <span class='ocrx_word' id='word_1_61' title='bbox 861 981 919 1046; x_wconf 93' lang='lat' dir='ltr'>tibi</span> <span class='ocrx_word' id='word_1_62' title='bbox 944 981 1013 1045; x_wconf 85' lang='lat' dir='ltr'>dixi</span> <span class='ocrx_word' id='word_1_63' title='bbox 1030 982 1215 1070; x_wconf 87' lang='lat' dir='ltr'>investiges.</span> <span class='ocrx_word' id='word_1_64' title='bbox 1240 983 1407 1047; x_wconf 79' lang='lat' dir='ltr'>Scuurz.</span> <span class='ocrx_word' id='word_1_65' title='bbox 1478 1050 1479 1053; x_wconf 48' lang='lat'>,</span> 
     </span>
     <span class='ocr_line' id='line_1_9' title="bbox 217 1062 1405 1155; baseline 0.003 -26"><span class='ocrx_word' id='word_1_66' title='bbox 217 1062 398 1130; x_wconf 87' lang='lat' dir='ltr'>Durissima</span> <span class='ocrx_word' id='word_1_67' title='bbox 409 1079 458 1130; x_wconf 90' lang='lat' dir='ltr'>est</span> <span class='ocrx_word' id='word_1_68' title='bbox 469 1078 556 1130; x_wconf 88' lang='lat' dir='ltr'>certe</span> <span class='ocrx_word' id='word_1_69' title='bbox 567 1066 637 1130; x_wconf 88' lang='lat' dir='ltr'>haec</span> <span class='ocrx_word' id='word_1_70' title='bbox 649 1066 782 1146; x_wconf 90' lang='lat' dir='ltr'>locutio,</span> <span class='ocrx_word' id='word_1_71' title='bbox 794 1065 886 1152; x_wconf 84' lang='lat' dir='ltr'>cujus</span> <span class='ocrx_word' id='word_1_72' title='bbox 899 1081 1006 1132; x_wconf 89' lang='lat' dir='ltr'>tamen</span> <span class='ocrx_word' id='word_1_73' title='bbox 1019 1068 1194 1155; x_wconf 87' lang='lat' dir='ltr'>explicatio</span> <span class='ocrx_word' id='word_1_74' title='bbox 1207 1068 1405 1133; x_wconf 89' lang='lat' dir='ltr'>Schntziana</span> 
     </span>
     <span class='ocr_line' id='line_1_10' title="bbox 213 1151 1402 1239; baseline 0.001 -23"><span class='ocrx_word' id='word_1_75' title='bbox 213 1151 311 1216; x_wconf 88' lang='lat' dir='ltr'>nimis</span> <span class='ocrx_word' id='word_1_76' title='bbox 334 1152 430 1239; x_wconf 86' lang='lat' dir='ltr'>longe</span> <span class='ocrx_word' id='word_1_77' title='bbox 456 1152 558 1239; x_wconf 89' lang='lat' dir='ltr'>petita</span> <span class='ocrx_word' id='word_1_78' title='bbox 581 1154 708 1217; x_wconf 86' lang='lat' dir='ltr'>uidetur</span> <span class='ocrx_word' id='word_1_79' title='bbox 730 1169 763 1217; x_wconf 91' lang='lat' dir='ltr'>et</span> <span class='ocrx_word' id='word_1_80' title='bbox 779 1170 904 1219; x_wconf 89' lang='lat' dir='ltr'>coacta.</span> <span class='ocrx_word' id='word_1_81' title='bbox 949 1154 1013 1220; x_wconf 94' lang='lat' dir='ltr'>Per</span> <span class='ocrx_word' id='word_1_82' title='bbox 1027 1158 1120 1236; x_wconf 60' lang='grc' dir='ltr'>ἥσυχον</span> <span class='ocrx_word' id='word_1_83' title='bbox 1134 1167 1217 1239; x_wconf 56' lang='lat' dir='ltr'>periti</span> <span class='ocrx_word' id='word_1_84' title='bbox 1231 1161 1310 1226; x_wconf 73' lang='grc' dir='ltr'><strong>βάσιι</strong></span> <span class='ocrx_word' id='word_1_85' title='bbox 1326 1154 1360 1220; x_wconf 91' lang='lat' dir='ltr'>h.</span> <span class='ocrx_word' id='word_1_86' title='bbox 1374 1176 1402 1217; x_wconf 88' lang='lat' dir='ltr'>e.</span> 
     </span>
     <span class='ocr_line' id='line_1_11' title="bbox 215 1235 1479 1328; baseline 0.004 -29"><span class='ocrx_word' id='word_1_87' title='bbox 215 1235 331 1303; x_wconf 83' lang='lat' dir='ltr'>lentum</span> <span class='ocrx_word' id='word_1_88' title='bbox 355 1262 379 1302; x_wconf 86' lang='lat' dir='ltr'>s.</span> <span class='ocrx_word' id='word_1_89' title='bbox 402 1237 539 1325; x_wconf 86' lang='lat' dir='ltr'>quietam</span> <span class='ocrx_word' id='word_1_90' title='bbox 566 1239 663 1304; x_wconf 86' lang='lat' dir='ltr'>animi</span> <span class='ocrx_word' id='word_1_91' title='bbox 688 1262 823 1326; x_wconf 84' lang='lat' dir='ltr'>gressum</span> <span class='ocrx_word' id='word_1_92' title='bbox 852 1240 933 1304; x_wconf 88' lang='lat' dir='ltr'>nihil</span> <span class='ocrx_word' id='word_1_93' title='bbox 956 1240 1042 1307; x_wconf 85' lang='lat' dir='ltr'>uliud</span> <span class='ocrx_word' id='word_1_94' title='bbox 1068 1241 1151 1305; x_wconf 84' lang='lat' dir='ltr'>forte</span> <span class='ocrx_word' id='word_1_95' title='bbox 1177 1240 1278 1306; x_wconf 92' lang='lat' dir='ltr'>voluit</span> <span class='ocrx_word' id='word_1_96' title='bbox 1307 1254 1404 1328; x_wconf 91' lang='lat' dir='ltr'>poeta</span> <span class='ocrx_word' id='word_1_97' title='bbox 1464 1240 1479 1274; x_wconf 67' lang='lat'><em>³</em></span> 
     </span>
     <span class='ocr_line' id='line_1_12' title="bbox 115 1324 1402 1414; baseline 0.002 -26"><span class='ocrx_word' id='word_1_98' title='bbox 115 1400 116 1405; x_wconf 8' lang='grc' dir='ltr'>η</span> <span class='ocrx_word' id='word_1_99' title='bbox 213 1345 313 1411; x_wconf 89' lang='lat' dir='ltr'>quam</span> <span class='ocrx_word' id='word_1_100' title='bbox 344 1324 545 1389; x_wconf 79' lang='lat' dir='ltr'>intentionem</span> <span class='ocrx_word' id='word_1_101' title='bbox 581 1325 678 1389; x_wconf 85' lang='lat' dir='ltr'>animi</span> <span class='ocrx_word' id='word_1_102' title='bbox 707 1327 900 1413; x_wconf 85' lang='lat' dir='ltr'>exprimere,</span> <span class='ocrx_word' id='word_1_103' title='bbox 938 1339 1042 1391; x_wconf 87' lang='lat' dir='ltr'>totum</span> <span class='ocrx_word' id='word_1_104' title='bbox 1073 1327 1172 1414; x_wconf 88' lang='lat' dir='ltr'>igitur</span> <span class='ocrx_word' id='word_1_105' title='bbox 1211 1327 1322 1392; x_wconf 91' lang='lat' dir='ltr'>locum</span> <span class='ocrx_word' id='word_1_106' title='bbox 1358 1327 1402 1390; x_wconf 92' lang='lat' dir='ltr'>sic</span> 
     </span>
     <span class='ocr_line' id='line_1_13' title="bbox 215 1410 1403 1501; baseline 0 -25"><span class='ocrx_word' id='word_1_107' title='bbox 215 1425 317 1490; x_wconf 86' lang='lat' dir='ltr'>verto,</span> <span class='ocrx_word' id='word_1_108' title='bbox 342 1410 420 1476; x_wconf 80' lang='lat' dir='ltr'>Hac</span> <span class='ocrx_word' id='word_1_109' title='bbox 441 1411 565 1477; x_wconf 87' lang='lat' dir='ltr'>audiens</span> <span class='ocrx_word' id='word_1_110' title='bbox 584 1413 688 1476; x_wconf 87' lang='lat' dir='ltr'>animo</span> <span class='ocrx_word' id='word_1_111' title='bbox 711 1423 764 1476; x_wconf 88' lang='lat' dir='ltr'>tao</span> <span class='ocrx_word' id='word_1_112' title='bbox 786 1412 922 1492; x_wconf 83' lang='lat' dir='ltr'>inscribe,</span> <span class='ocrx_word' id='word_1_113' title='bbox 946 1437 1006 1501; x_wconf 86' lang='lat' dir='ltr'>per</span> <span class='ocrx_word' id='word_1_114' title='bbox 1030 1434 1119 1478; x_wconf 84' lang='lat' dir='ltr'>aures</span> <span class='ocrx_word' id='word_1_115' title='bbox 1143 1435 1215 1478; x_wconf 83' lang='lat' dir='ltr'>aero</span> <span class='ocrx_word' id='word_1_116' title='bbox 1236 1435 1403 1478; x_wconf 85' lang='lat' dir='ltr'>sermonem</span> 
     </span>
     <span class='ocr_line' id='line_1_14' title="bbox 209 1495 1428 1587; baseline 0.002 -26"><span class='ocrx_word' id='word_1_117' title='bbox 209 1508 376 1583; x_wconf 84' lang='lat' dir='ltr'>penetrare</span> <span class='ocrx_word' id='word_1_118' title='bbox 397 1495 488 1562; x_wconf 85' lang='lat' dir='ltr'>sinito</span> <span class='ocrx_word' id='word_1_119' title='bbox 515 1498 584 1586; x_wconf 91' lang='lat' dir='ltr'>(qui</span> <span class='ocrx_word' id='word_1_120' title='bbox 607 1499 692 1563; x_wconf 92' lang='lat' dir='ltr'>enim</span> <span class='ocrx_word' id='word_1_121' title='bbox 715 1497 858 1587; x_wconf 81' lang='lat' dir='ltr'>perforat</span> <span class='ocrx_word' id='word_1_122' title='bbox 874 1511 1038 1585; x_wconf 85' lang='lat' dir='ltr'>penetrare</span> <span class='ocrx_word' id='word_1_123' title='bbox 1061 1500 1150 1578; x_wconf 82' lang='lat' dir='ltr'>sinit)</span> <span class='ocrx_word' id='word_1_124' title='bbox 1170 1501 1272 1565; x_wconf 85' lang='lat' dir='ltr'>animo</span> <span class='ocrx_word' id='word_1_125' title='bbox 1291 1500 1428 1586; x_wconf 69' lang='lat' dir='ltr'>quieta,</span> 
     </span>
     <span class='ocr_line' id='line_1_15' title="bbox 215 1582 1403 1672; baseline 0.001 -23"><span class='ocrx_word' id='word_1_126' title='bbox 215 1607 248 1672; x_wconf 89' lang='lat' dir='ltr'>q.</span> <span class='ocrx_word' id='word_1_127' title='bbox 274 1585 307 1649; x_wconf 92' lang='lat' dir='ltr'>d.</span> <span class='ocrx_word' id='word_1_128' title='bbox 360 1582 438 1649; x_wconf 90' lang='lat' dir='ltr'>Hoc</span> <span class='ocrx_word' id='word_1_129' title='bbox 469 1583 529 1650; x_wconf 89' lang='lat' dir='ltr'>tibi</span> <span class='ocrx_word' id='word_1_130' title='bbox 565 1586 599 1650; x_wconf 92' lang='lat' dir='ltr'>in</span> <span class='ocrx_word' id='word_1_131' title='bbox 633 1585 706 1649; x_wconf 90' lang='lat' dir='ltr'>imis</span> <span class='ocrx_word' id='word_1_132' title='bbox 739 1586 858 1650; x_wconf 90' lang='lat' dir='ltr'>insidat</span> <span class='ocrx_word' id='word_1_133' title='bbox 890 1587 1090 1672; x_wconf 87' lang='lat' dir='ltr'>praecordiis,</span> <span class='ocrx_word' id='word_1_134' title='bbox 1126 1601 1160 1651; x_wconf 89' lang='lat' dir='ltr'>et</span> <span class='ocrx_word' id='word_1_135' title='bbox 1190 1587 1323 1651; x_wconf 91' lang='lat' dir='ltr'>auribus</span> <span class='ocrx_word' id='word_1_136' title='bbox 1351 1609 1403 1650; x_wconf 87' lang='lat' dir='ltr'>ac·</span> 
     </span>
     <span class='ocr_line' id='line_1_16' title="bbox 215 1670 1040 1760; baseline 0 -22"><span class='ocrx_word' id='word_1_137' title='bbox 215 1685 348 1758; x_wconf 89' lang='lat' dir='ltr'>ceptum</span> <span class='ocrx_word' id='word_1_138' title='bbox 364 1670 535 1756; x_wconf 86' lang='lat' dir='ltr'>diligenter</span> <span class='ocrx_word' id='word_1_139' title='bbox 549 1671 777 1760; x_wconf 86' lang='lat' dir='ltr'>perpendatur.</span> <span class='ocrx_word' id='word_1_140' title='bbox 820 1671 855 1736; x_wconf 90' lang='lat' dir='ltr'>S.</span> <span class='ocrx_word' id='word_1_141' title='bbox 871 1671 1040 1739; x_wconf 73' lang='lat' dir='ltr'>Borrae.</span> 
     </span>
    </p>

    <p class='ocr_par' dir='ltr' id='par_1_3' title="bbox 212 1757 1405 2009">
     <span class='ocr_line' id='line_1_17' title="bbox 257 1757 1403 1845; baseline -0.002 -21"><span class='ocrx_word' id='word_1_142' title='bbox 257 1769 288 1835; x_wconf 72' lang='lat' dir='ltr'>r.</span> <span class='ocrx_word' id='word_1_143' title='bbox 304 1763 379 1824; x_wconf 70' lang='grc'><strong>454.</strong></span> <span class='ocrx_word' id='word_1_144' title='bbox 411 1766 496 1821; x_wconf 77' lang='lat' dir='ltr'>raa‘</span> <span class='ocrx_word' id='word_1_145' title='bbox 517 1773 636 1823; x_wconf 71' lang='lat' dir='ltr'>arros</span> <span class='ocrx_word' id='word_1_146' title='bbox 668 1773 771 1825; x_wconf 70' lang='lat' dir='ltr'>orsa·</span> <span class='ocrx_word' id='word_1_147' title='bbox 803 1774 958 1824; x_wconf 78' lang='lat' dir='ltr'>uncam.</span> <span class='ocrx_word' id='word_1_148' title='bbox 1003 1759 1113 1839; x_wconf 84' lang='lat' dir='ltr'>Verte,</span> <span class='ocrx_word' id='word_1_149' title='bbox 1137 1758 1215 1824; x_wconf 82' lang='lat' dir='ltr'>Hac</span> <span class='ocrx_word' id='word_1_150' title='bbox 1241 1781 1315 1824; x_wconf 83' lang='lat' dir='ltr'>vero</span> <span class='ocrx_word' id='word_1_151' title='bbox 1344 1757 1403 1845; x_wconf 77' lang='lat' dir='ltr'>ipse</span> 
     </span>
     <span class='ocr_line' id='line_1_18' title="bbox 213 1843 1405 1934; baseline -0.001 -25"><span class='ocrx_word' id='word_1_152' title='bbox 213 1844 367 1909; x_wconf 74' lang='lat' dir='ltr'>mtciseere</span> <span class='ocrx_word' id='word_1_153' title='bbox 394 1866 432 1909; x_wconf 87' lang='lat' dir='ltr'>ca</span> <span class='ocrx_word' id='word_1_154' title='bbox 459 1845 489 1908; x_wconf 83' lang='lat'>&#39;.</span> <span class='ocrx_word' id='word_1_155' title='bbox 547 1845 600 1910; x_wconf 90' lang='lat' dir='ltr'>Ad</span> <span class='ocrx_word' id='word_1_156' title='bbox 627 1843 777 1911; x_wconf 89' lang='lat' dir='ltr'>Orestem</span> <span class='ocrx_word' id='word_1_157' title='bbox 806 1845 905 1923; x_wconf 88' lang='lat' dir='ltr'>enim,</span> <span class='ocrx_word' id='word_1_158' title='bbox 941 1868 1007 1911; x_wconf 91' lang='lat' dir='ltr'>nou</span> <span class='ocrx_word' id='word_1_159' title='bbox 1038 1847 1078 1911; x_wconf 86' lang='lat' dir='ltr'>ad</span> <span class='ocrx_word' id='word_1_160' title='bbox 1110 1844 1405 1934; x_wconf 82' lang='lat' dir='ltr'>Agamemnonem,</span> 
     </span>
     <span class='ocr_line' id='line_1_19' title="bbox 212 1929 938 2009; baseline 0.001 -12"><span class='ocrx_word' id='word_1_161' title='bbox 212 1931 283 1997; x_wconf 88' lang='lat' dir='ltr'>haec</span> <span class='ocrx_word' id='word_1_162' title='bbox 297 1929 408 1997; x_wconf 87' lang='lat' dir='ltr'>referri</span> <span class='ocrx_word' id='word_1_163' title='bbox 453 1931 558 1996; x_wconf 86' lang='lat' dir='ltr'>auuio</span> <span class='ocrx_word' id='word_1_164' title='bbox 572 1933 739 1998; x_wconf 85' lang='lat' dir='ltr'>assentior.</span> <span class='ocrx_word' id='word_1_165' title='bbox 764 1986 767 2009; x_wconf 73' lang='lat'>,</span> <span class='ocrx_word' id='word_1_166' title='bbox 784 1930 938 1998; x_wconf 77' lang='lat' dir='ltr'>Huxrrr.</span> 
     </span>
    </p>

    <p class='ocr_par' dir='ltr' id='par_1_4' title="bbox 213 2014 1403 2192">
     <span class='ocr_line' id='line_1_20' title="bbox 255 2014 1403 2102; baseline -0.003 -18"><span class='ocrx_word' id='word_1_167' title='bbox 255 2026 285 2084; x_wconf 81' lang='lat' dir='ltr'>rt.</span> <span class='ocrx_word' id='word_1_168' title='bbox 302 2025 379 2083; x_wconf 86' lang='grc'><strong>453.</strong></span> <span class='ocrx_word' id='word_1_169' title='bbox 410 2034 599 2098; x_wconf 71' lang='lat' dir='ltr'>uerum,</span> <span class='ocrx_word' id='word_1_170' title='bbox 634 2049 660 2084; x_wconf 73' lang='grc' dir='ltr'>κ.</span> <span class='ocrx_word' id='word_1_171' title='bbox 676 2049 702 2084; x_wconf 70' lang='grc' dir='ltr'>τ.</span> <span class='ocrx_word' id='word_1_172' title='bbox 717 2040 743 2083; x_wconf 75' lang='grc' dir='ltr'>λ.</span> <span class='ocrx_word' id='word_1_173' title='bbox 803 2019 914 2097; x_wconf 88' lang='lat' dir='ltr'>Verte,</span> <span class='ocrx_word' id='word_1_174' title='bbox 937 2017 1036 2084; x_wconf 83' lang='lat' dir='ltr'>Decet</span> <span class='ocrx_word' id='word_1_175' title='bbox 1059 2029 1162 2084; x_wconf 86' lang='lat' dir='ltr'>autem</span> <span class='ocrx_word' id='word_1_176' title='bbox 1187 2027 1218 2083; x_wconf 91' lang='lat' dir='ltr'>te</span> <span class='ocrx_word' id='word_1_177' title='bbox 1241 2014 1403 2102; x_wconf 71' lang='lat' dir='ltr'>irfierihili</span> 
     </span>
     <span class='ocr_line' id='line_1_21' title="bbox 213 2103 858 2192; baseline 0 -22"><span class='ocrx_word' id='word_1_178' title='bbox 213 2103 308 2189; x_wconf 85' lang='lat' dir='ltr'>animi</span> <span class='ocrx_word' id='word_1_179' title='bbox 322 2103 433 2168; x_wconf 84' lang='lat' dir='ltr'>robore</span> <span class='ocrx_word' id='word_1_180' title='bbox 448 2124 496 2168; x_wconf 89' lang='lat' dir='ltr'>eos</span> <span class='ocrx_word' id='word_1_181' title='bbox 511 2103 650 2192; x_wconf 85' lang='lat' dir='ltr'>aggredi.</span> <span class='ocrx_word' id='word_1_182' title='bbox 694 2105 858 2170; x_wconf 82' lang='lat' dir='ltr'>Scuurz.</span> 
     </span>
    </p>

    <p class='ocr_par' dir='ltr' id='par_1_5' title="bbox 200 2188 1480 2541">
     <span class='ocr_line' id='line_1_22' title="bbox 255 2188 1402 2278; baseline -0.003 -21"><span class='ocrx_word' id='word_1_183' title='bbox 255 2199 375 2257; x_wconf 67' lang='lat' dir='ltr'>matt.</span> <span class='ocrx_word' id='word_1_184' title='bbox 406 2206 533 2255; x_wconf 78' lang='lat' dir='ltr'><strong>&gt;2ET01</strong></span> <span class='ocrx_word' id='word_1_185' title='bbox 557 2207 653 2256; x_wconf 75' lang='lat' dir='ltr'>nera.</span> <span class='ocrx_word' id='word_1_186' title='bbox 709 2191 777 2257; x_wconf 93' lang='lat' dir='ltr'>Hic</span> <span class='ocrx_word' id='word_1_187' title='bbox 807 2206 932 2278; x_wconf 84' lang='lat' dir='ltr'>patrem</span> <span class='ocrx_word' id='word_1_188' title='bbox 958 2190 1089 2257; x_wconf 90' lang='lat' dir='ltr'>demum</span> <span class='ocrx_word' id='word_1_189' title='bbox 1116 2189 1293 2277; x_wconf 89' lang='lat' dir='ltr'>compellat</span> <span class='ocrx_word' id='word_1_190' title='bbox 1319 2188 1402 2254; x_wconf 84' lang='lat' dir='ltr'>filia:</span> 
     </span>
     <span class='ocr_line' id='line_1_23' title="bbox 212 2274 1403 2363; baseline -0.003 -20"><span class='ocrx_word' id='word_1_191' title='bbox 212 2276 378 2363; x_wconf 86' lang='lat' dir='ltr'>Interpres</span> <span class='ocrx_word' id='word_1_192' title='bbox 402 2279 442 2340; x_wconf 72' lang='grc' dir='ltr'>τοὶ</span> <span class='ocrx_word' id='word_1_193' title='bbox 466 2276 548 2340; x_wconf 89' lang='lat' dir='ltr'>male</span> <span class='ocrx_word' id='word_1_194' title='bbox 571 2299 613 2341; x_wconf 88' lang='lat' dir='ltr'>ne</span> <span class='ocrx_word' id='word_1_195' title='bbox 636 2274 728 2357; x_wconf 88' lang='lat' dir='ltr'>lexit,</span> <span class='ocrx_word' id='word_1_196' title='bbox 763 2277 806 2342; x_wconf 85' lang='lat' dir='ltr'>Te</span> <span class='ocrx_word' id='word_1_197' title='bbox 829 2300 911 2344; x_wconf 85' lang='lat' dir='ltr'>vera.</span> <span class='ocrx_word' id='word_1_198' title='bbox 936 2278 1075 2345; x_wconf 78' lang='lat' dir='ltr'>¹quw.</span> <span class='ocrx_word' id='word_1_199' title='bbox 1121 2277 1309 2344; x_wconf 89' lang='lat' dir='ltr'>Dicendum</span> <span class='ocrx_word' id='word_1_200' title='bbox 1337 2291 1403 2341; x_wconf 89' lang='lat' dir='ltr'>erat</span> 
     </span>
     <span class='ocr_line' id='line_1_24' title="bbox 200 2300 1402 2452; baseline -0.002 -25"><span class='ocrx_word' id='word_1_201' title='bbox 200 2361 297 2450; x_wconf 83' lang='lat' dir='ltr'>filius</span> <span class='ocrx_word' id='word_1_202' title='bbox 318 2385 393 2427; x_wconf 88' lang='lat' dir='ltr'>nam</span> <span class='ocrx_word' id='word_1_203' title='bbox 416 2361 487 2428; x_wconf 85' lang='lat' dir='ltr'>haec</span> <span class='ocrx_word' id='word_1_204' title='bbox 510 2370 585 2430; x_wconf 81' lang='lat' dir='ltr'>sunt</span> <span class='ocrx_word' id='word_1_205' title='bbox 610 2300 744 2443; x_wconf 61' lang='lat' dir='ltr'>Drestis</span> <span class='ocrx_word' id='word_1_206' title='bbox 768 2365 857 2451; x_wconf 92' lang='lat' dir='ltr'>quod</span> <span class='ocrx_word' id='word_1_207' title='bbox 877 2386 918 2430; x_wconf 89' lang='lat' dir='ltr'>ex</span> <span class='ocrx_word' id='word_1_208' title='bbox 940 2386 1031 2431; x_wconf 87' lang='lat' dir='ltr'>versu</span> <span class='ocrx_word' id='word_1_209' title='bbox 1049 2388 1114 2452; x_wconf 91' lang='lat' dir='ltr'>seq.</span> <span class='ocrx_word' id='word_1_210' title='bbox 1129 2372 1316 2447; x_wconf 67' lang='lat' dir='ltr'>tuspttyyope·</span> <span class='ocrx_word' id='word_1_211' title='bbox 1330 2362 1402 2426; x_wconf 92' lang='lat' dir='ltr'>satis</span> 
     </span>
     <span class='ocr_line' id='line_1_25' title="bbox 213 2447 1480 2541; baseline 0 -26"><span class='ocrx_word' id='word_1_212' title='bbox 213 2463 316 2541; x_wconf 89' lang='lat' dir='ltr'>patet.</span> <span class='ocrx_word' id='word_1_213' title='bbox 359 2450 394 2514; x_wconf 91' lang='lat' dir='ltr'>S.</span> <span class='ocrx_word' id='word_1_214' title='bbox 412 2447 584 2517; x_wconf 74' lang='lat' dir='ltr'>Burnus.</span> <span class='ocrx_word' id='word_1_215' title='bbox 1479 2526 1480 2533; x_wconf 14' lang='lat' dir='ltr'>p</span> 
     </span>
    </p>

    <p class='ocr_par' dir='ltr' id='par_1_6' title="bbox 211 2536 1480 2862">
     <span class='ocr_line' id='line_1_26' title="bbox 255 2536 1403 2626; baseline -0.003 -24"><span class='ocrx_word' id='word_1_216' title='bbox 255 2549 286 2615; x_wconf 75' lang='lat' dir='ltr'>rt.</span> <span class='ocrx_word' id='word_1_217' title='bbox 300 2543 376 2602; x_wconf 83' lang='lat'>455.</span> <span class='ocrx_word' id='word_1_218' title='bbox 399 2552 461 2600; x_wconf 76' lang='lat' dir='ltr'>Ertt</span> <span class='ocrx_word' id='word_1_219' title='bbox 485 2553 541 2604; x_wconf 76' lang='grc' dir='ltr'>ΔΕ.</span> <span class='ocrx_word' id='word_1_220' title='bbox 585 2536 657 2626; x_wconf 81' lang='lat' dir='ltr'>Ego</span> <span class='ocrx_word' id='word_1_221' title='bbox 679 2548 783 2603; x_wconf 83' lang='lat' dir='ltr'>autem</span> <span class='ocrx_word' id='word_1_222' title='bbox 806 2537 865 2604; x_wconf 82' lang='lat' dir='ltr'>tibi</span> <span class='ocrx_word' id='word_1_223' title='bbox 889 2537 995 2604; x_wconf 83' lang='lat' dir='ltr'>occino</span> <span class='ocrx_word' id='word_1_224' title='bbox 1027 2536 1231 2625; x_wconf 74' lang='lat' dir='ltr'>lachrymam,</span> <span class='ocrx_word' id='word_1_225' title='bbox 1262 2545 1403 2621; x_wconf 83' lang='lat' dir='ltr'>totusque</span> 
     </span>
     <span class='ocr_line' id='line_1_27' title="bbox 211 2621 1480 2712; baseline -0.004 -23"><span class='ocrx_word' id='word_1_226' title='bbox 211 2621 260 2689; x_wconf 80' lang='lat' dir='ltr'>iric</span> <span class='ocrx_word' id='word_1_227' title='bbox 283 2621 390 2689; x_wconf 74' lang='lat' dir='ltr'>choras</span> <span class='ocrx_word' id='word_1_228' title='bbox 413 2622 454 2688; x_wconf 85' lang='lat' dir='ltr'>ric</span> <span class='ocrx_word' id='word_1_229' title='bbox 474 2624 635 2691; x_wconf 68' lang='lat' dir='ltr'>cremarat.</span> <span class='ocrx_word' id='word_1_230' title='bbox 672 2627 742 2703; x_wconf 57' lang='lat' dir='ltr'>&#39;ola</span> <span class='ocrx_word' id='word_1_231' title='bbox 776 2625 802 2688; x_wconf 89' lang='lat' dir='ltr'>si</span> <span class='ocrx_word' id='word_1_232' title='bbox 833 2625 1010 2712; x_wconf 87' lang='lat' dir='ltr'>genuinum</span> <span class='ocrx_word' id='word_1_233' title='bbox 1037 2637 1097 2704; x_wconf 92' lang='lat' dir='ltr'>est,</span> <span class='ocrx_word' id='word_1_234' title='bbox 1119 2624 1243 2711; x_wconf 89' lang='lat' dir='ltr'>optime</span> <span class='ocrx_word' id='word_1_235' title='bbox 1267 2622 1402 2686; x_wconf 84' lang='lat' dir='ltr'>refertur</span> <span class='ocrx_word' id='word_1_236' title='bbox 1479 2642 1480 2647; x_wconf 49' lang='lat'>¹</span> 
     </span>
     <span class='ocr_line' id='line_1_28' title="bbox 212 2708 1402 2862; baseline -0.002 -87"><span class='ocrx_word' id='word_1_237' title='bbox 212 2710 256 2862; x_wconf 60' lang='lat' dir='ltr'>gd</span> <span class='ocrx_word' id='word_1_238' title='bbox 287 2719 453 2790; x_wconf 64' lang='lat' dir='ltr'>nuncupem,</span> <span class='ocrx_word' id='word_1_239' title='bbox 485 2732 516 2795; x_wconf 93' lang='lat' dir='ltr'>q.</span> <span class='ocrx_word' id='word_1_240' title='bbox 545 2712 577 2777; x_wconf 91' lang='lat' dir='ltr'>d.</span> <span class='ocrx_word' id='word_1_241' title='bbox 606 2710 693 2777; x_wconf 88' lang='lat' dir='ltr'>haud</span> <span class='ocrx_word' id='word_1_242' title='bbox 726 2711 833 2776; x_wconf 88' lang='lat' dir='ltr'>minus</span> <span class='ocrx_word' id='word_1_243' title='bbox 863 2733 961 2797; x_wconf 85' lang='lat' dir='ltr'>quarn</span> <span class='ocrx_word' id='word_1_244' title='bbox 993 2732 1056 2799; x_wconf 85' lang='lat' dir='ltr'>ego</span> <span class='ocrx_word' id='word_1_245' title='bbox 1089 2711 1173 2775; x_wconf 88' lang='lat' dir='ltr'>inter</span> <span class='ocrx_word' id='word_1_246' title='bbox 1208 2708 1402 2795; x_wconf 85' lang='lat' dir='ltr'>lachrymas.</span> 
     </span>
    </p>

    <p class='ocr_par' dir='ltr' id='par_1_7' title="bbox 240 2817 580 2862">
     <span class='ocr_line' id='line_1_29' title="bbox 240 2817 580 2862; baseline 0.009 -1"><span class='ocrx_word' id='word_1_247' title='bbox 240 2817 371 2862; x_wconf 84' lang='lat' dir='ltr'>cuurz.</span> <span class='ocrx_word' id='word_1_248' title='bbox 576 2849 580 2855; x_wconf 88' lang='lat'>.</span> 
     </span>
    </p>

    <p class='ocr_par' dir='ltr' id='par_1_8' title="bbox 212 2880 1404 3037">
     <span class='ocr_line' id='line_1_30' title="bbox 254 2880 1404 2969; baseline -0.003 -19"><span class='ocrx_word' id='word_1_249' title='bbox 254 2893 285 2950; x_wconf 73' lang='lat' dir='ltr'>tl.</span> <span class='ocrx_word' id='word_1_250' title='bbox 300 2891 376 2955; x_wconf 84' lang='lat'>457.</span> <span class='ocrx_word' id='word_1_251' title='bbox 399 2895 579 2962; x_wconf 75' lang='lat' dir='ltr'>Axorrou,</span> <span class='ocrx_word' id='word_1_252' title='bbox 600 2912 625 2948; x_wconf 84' lang='lat' dir='ltr'>rt.</span> <span class='ocrx_word' id='word_1_253' title='bbox 640 2913 667 2947; x_wconf 79' lang='grc' dir='ltr'>τ.</span> <span class='ocrx_word' id='word_1_254' title='bbox 682 2902 709 2948; x_wconf 88' lang='grc' dir='ltr'>λ.</span> <span class='ocrx_word' id='word_1_255' title='bbox 754 2880 832 2947; x_wconf 87' lang='lat' dir='ltr'>Hoc</span> <span class='ocrx_word' id='word_1_256' title='bbox 856 2897 904 2946; x_wconf 86' lang='lat' dir='ltr'>est</span> <span class='ocrx_word' id='word_1_257' title='bbox 930 2882 1019 2969; x_wconf 89' lang='lat' dir='ltr'>quod</span> <span class='ocrx_word' id='word_1_258' title='bbox 1043 2883 1118 2957; x_wconf 63' lang='lat' dir='ltr'>roien</span> <span class='ocrx_word' id='word_1_259' title='bbox 1139 2887 1278 2959; x_wconf 64' lang='grc' dir='ltr'>πάγκοινος</span> <span class='ocrx_word' id='word_1_260' title='bbox 1299 2881 1404 2949; x_wconf 84' lang='lat' dir='ltr'>acela·</span> 
     </span>
     <span class='ocr_line' id='line_1_31' title="bbox 212 2967 505 3037; baseline -0.007 0"><span class='ocrx_word' id='word_1_261' title='bbox 212 2971 335 3037; x_wconf 85' lang='lat' dir='ltr'>mahat.</span> <span class='ocrx_word' id='word_1_262' title='bbox 379 2967 505 3035; x_wconf 78' lang='lat' dir='ltr'>Pnurr.</span> 
     </span>
    </p>

    <p class='ocr_par' dir='ltr' id='par_1_9' title="bbox 174 3052 1428 3658">
     <span class='ocr_line' id='line_1_32' title="bbox 255 3052 1404 3143; baseline -0.002 -21"><span class='ocrx_word' id='word_1_263' title='bbox 255 3068 286 3132; x_wconf 80' lang='lat' dir='ltr'>rt.</span> <span class='ocrx_word' id='word_1_264' title='bbox 298 3057 374 3122; x_wconf 90' lang='grc'><strong>461.</strong></span> <span class='ocrx_word' id='word_1_265' title='bbox 409 3069 553 3119; x_wconf 73' lang='lat' dir='ltr'>Tromor</span> <span class='ocrx_word' id='word_1_266' title='bbox 590 3064 632 3119; x_wconf 84' lang='grc' dir='ltr'>Μ’</span> <span class='ocrx_word' id='word_1_267' title='bbox 655 3070 816 3119; x_wconf 73' lang='lat' dir='ltr'>raxenni.</span> <span class='ocrx_word' id='word_1_268' title='bbox 888 3054 1073 3143; x_wconf 85' lang='lat' dir='ltr'>Diligenter</span> <span class='ocrx_word' id='word_1_269' title='bbox 1104 3053 1135 3118; x_wconf 90' lang='lat' dir='ltr'>in</span> <span class='ocrx_word' id='word_1_270' title='bbox 1175 3052 1240 3119; x_wconf 91' lang='lat' dir='ltr'>hoc</span> <span class='ocrx_word' id='word_1_271' title='bbox 1272 3055 1404 3120; x_wconf 83' lang='lat' dir='ltr'>cantico</span> 
     </span>
     <span class='ocr_line' id='line_1_33' title="bbox 210 3138 1401 3230; baseline -0.005 -19"><span class='ocrx_word' id='word_1_272' title='bbox 210 3140 448 3213; x_wconf 87' lang='lat' dir='ltr'>observandum</span> <span class='ocrx_word' id='word_1_273' title='bbox 474 3158 533 3221; x_wconf 90' lang='lat' dir='ltr'>est,</span> <span class='ocrx_word' id='word_1_274' title='bbox 558 3143 645 3229; x_wconf 91' lang='lat' dir='ltr'>quod</span> <span class='ocrx_word' id='word_1_275' title='bbox 660 3141 873 3228; x_wconf 83' lang='lat' dir='ltr'>neglexerunt</span> <span class='ocrx_word' id='word_1_276' title='bbox 893 3142 1094 3229; x_wconf 88' lang='lat' dir='ltr'>interpretes,</span> <span class='ocrx_word' id='word_1_277' title='bbox 1118 3138 1266 3205; x_wconf 90' lang='lat' dir='ltr'>Clrorum</span> <span class='ocrx_word' id='word_1_278' title='bbox 1280 3143 1401 3230; x_wconf 90' lang='lat' dir='ltr'>duplici</span> 
     </span>
     <span class='ocr_line' id='line_1_34' title="bbox 174 3227 1402 3315; baseline 0 -22"><span class='ocrx_word' id='word_1_279' title='bbox 174 3229 177 3234; x_wconf 76' lang='grc'><strong>’</strong></span> <span class='ocrx_word' id='word_1_280' title='bbox 212 3250 306 3299; x_wconf 76' lang='lat' dir='ltr'>sensu</span> <span class='ocrx_word' id='word_1_281' title='bbox 327 3227 506 3292; x_wconf 86' lang='lat' dir='ltr'>animatum</span> <span class='ocrx_word' id='word_1_282' title='bbox 530 3230 590 3292; x_wconf 90' lang='lat' dir='ltr'>ista</span> <span class='ocrx_word' id='word_1_283' title='bbox 611 3229 728 3293; x_wconf 84' lang='lat' dir='ltr'>dicere.</span> <span class='ocrx_word' id='word_1_284' title='bbox 776 3228 899 3293; x_wconf 89' lang='lat' dir='ltr'>Partim</span> <span class='ocrx_word' id='word_1_285' title='bbox 924 3229 1011 3295; x_wconf 89' lang='lat' dir='ltr'>enim</span> <span class='ocrx_word' id='word_1_286' title='bbox 1034 3227 1159 3292; x_wconf 84' lang='lat' dir='ltr'>Orestis</span> <span class='ocrx_word' id='word_1_287' title='bbox 1179 3249 1278 3292; x_wconf 86' lang='lat' dir='ltr'>causa</span> <span class='ocrx_word' id='word_1_288' title='bbox 1300 3242 1402 3315; x_wconf 86' lang='lat' dir='ltr'>optat,</span> 
     </span>
     <span class='ocr_line' id='line_1_35' title="bbox 212 3310 1404 3401; baseline 0.003 -23"><span class='ocrx_word' id='word_1_289' title='bbox 212 3336 249 3386; x_wconf 83' lang='lat' dir='ltr'>ut</span> <span class='ocrx_word' id='word_1_290' title='bbox 282 3310 312 3378; x_wconf 88' lang='lat' dir='ltr'>ei</span> <span class='ocrx_word' id='word_1_291' title='bbox 348 3313 518 3377; x_wconf 88' lang='lat' dir='ltr'>consilium</span> <span class='ocrx_word' id='word_1_292' title='bbox 555 3315 746 3378; x_wconf 82' lang='lat' dir='ltr'>occidendae</span> <span class='ocrx_word' id='word_1_293' title='bbox 787 3313 1043 3401; x_wconf 85' lang='lat' dir='ltr'>Clytaemnestrae</span> <span class='ocrx_word' id='word_1_294' title='bbox 1073 3312 1212 3378; x_wconf 86' lang='lat' dir='ltr'>feliciter</span> <span class='ocrx_word' id='word_1_295' title='bbox 1250 3317 1404 3382; x_wconf 78' lang='lat' dir='ltr'>eveniat:</span> 
     </span>
     <span class='ocr_line' id='line_1_36' title="bbox 212 3399 1428 3495; baseline -0.001 -26"><span class='ocrx_word' id='word_1_296' title='bbox 212 3416 337 3495; x_wconf 86' lang='lat' dir='ltr'>partem</span> <span class='ocrx_word' id='word_1_297' title='bbox 361 3412 469 3464; x_wconf 86' lang='lat' dir='ltr'>tamen</span> <span class='ocrx_word' id='word_1_298' title='bbox 493 3399 602 3465; x_wconf 93' lang='lat' dir='ltr'>horret</span> <span class='ocrx_word' id='word_1_299' title='bbox 616 3416 649 3464; x_wconf 89' lang='lat' dir='ltr'>et</span> <span class='ocrx_word' id='word_1_300' title='bbox 664 3401 870 3465; x_wconf 82' lang='lat' dir='ltr'>abominatur</span> <span class='ocrx_word' id='word_1_301' title='bbox 885 3402 987 3465; x_wconf 89' lang='lat' dir='ltr'>diram</span> <span class='ocrx_word' id='word_1_302' title='bbox 1004 3400 1114 3464; x_wconf 89' lang='lat' dir='ltr'>matris</span> <span class='ocrx_word' id='word_1_303' title='bbox 1129 3422 1149 3464; x_wconf 95' lang='lat' dir='ltr'>a</span> <span class='ocrx_word' id='word_1_304' title='bbox 1164 3399 1231 3464; x_wconf 89' lang='lat' dir='ltr'>filio</span> <span class='ocrx_word' id='word_1_305' title='bbox 1246 3403 1402 3467; x_wconf 82' lang='lat' dir='ltr'>necandae</span> <span class='ocrx_word' id='word_1_306' title='bbox 1420 3450 1428 3469; x_wconf 91' lang='lat'>.</span> 
     </span>
     <span class='ocr_line' id='line_1_37' title="bbox 211 3485 1404 3636; baseline -0.003 -79"><span class='ocrx_word' id='word_1_307' title='bbox 211 3488 448 3557; x_wconf 87' lang='lat' dir='ltr'>necessitatem.</span> <span class='ocrx_word' id='word_1_308' title='bbox 492 3485 582 3551; x_wconf 90' lang='lat' dir='ltr'>Hinc</span> <span class='ocrx_word' id='word_1_309' title='bbox 608 3486 799 3636; x_wconf 63' lang='lat' dir='ltr'>intelligitur</span> <span class='ocrx_word' id='word_1_310' title='bbox 822 3511 880 3552; x_wconf 90' lang='lat' dir='ltr'>cur</span> <span class='ocrx_word' id='word_1_311' title='bbox 902 3488 1034 3553; x_wconf 88' lang='lat' dir='ltr'>horrore</span> <span class='ocrx_word' id='word_1_312' title='bbox 1056 3509 1090 3550; x_wconf 92' lang='lat' dir='ltr'>se</span> <span class='ocrx_word' id='word_1_313' title='bbox 1112 3501 1300 3573; x_wconf 90' lang='lat' dir='ltr'>correptum</span> <span class='ocrx_word' id='word_1_314' title='bbox 1316 3489 1404 3553; x_wconf 89' lang='lat' dir='ltr'>dicat</span> 
     </span>
     <span class='ocr_line' id='line_1_38' title="bbox 212 3572 878 3658; baseline -0.009 -14"><span class='ocrx_word' id='word_1_315' title='bbox 212 3575 330 3644; x_wconf 89' lang='lat' dir='ltr'>auditis</span> <span class='ocrx_word' id='word_1_316' title='bbox 352 3572 487 3638; x_wconf 85' lang='lat' dir='ltr'>Electrae</span> <span class='ocrx_word' id='word_1_317' title='bbox 510 3573 669 3658; x_wconf 90' lang='lat' dir='ltr'>precibus.</span> <span class='ocrx_word' id='word_1_318' title='bbox 741 3594 878 3638; x_wconf 82' lang='lat' dir='ltr'>cuurz.</span> 
     </span>
    </p>

    <p class='ocr_par' dir='ltr' id='par_1_10' title="bbox 210 3658 1405 4179">
     <span class='ocr_line' id='line_1_39' title="bbox 256 3658 1403 3746; baseline 0.001 -20"><span class='ocrx_word' id='word_1_319' title='bbox 256 3675 286 3740; x_wconf 71' lang='lat' dir='ltr'>r.</span> <span class='ocrx_word' id='word_1_320' title='bbox 299 3661 376 3726; x_wconf 86' lang='grc'><strong>464.</strong></span> <span class='ocrx_word' id='word_1_321' title='bbox 398 3675 432 3724; x_wconf 82' lang='lat' dir='ltr'>m</span> <span class='ocrx_word' id='word_1_322' title='bbox 453 3677 576 3724; x_wconf 71' lang='lat' dir='ltr'>norror</span> <span class='ocrx_word' id='word_1_323' title='bbox 599 3676 768 3725; x_wconf 75' lang='grc' dir='ltr'><strong>ΕΓΓΕΝΗΣ.</strong></span> <span class='ocrx_word' id='word_1_324' title='bbox 815 3660 897 3725; x_wconf 86' lang='lat' dir='ltr'>Haec</span> <span class='ocrx_word' id='word_1_325' title='bbox 922 3672 957 3725; x_wconf 91' lang='lat' dir='ltr'>et</span> <span class='ocrx_word' id='word_1_326' title='bbox 982 3659 1148 3746; x_wconf 84' lang='lat' dir='ltr'>sequentia</span> <span class='ocrx_word' id='word_1_327' title='bbox 1169 3658 1285 3724; x_wconf 88' lang='lat' dir='ltr'>vulnus</span> <span class='ocrx_word' id='word_1_328' title='bbox 1307 3661 1403 3727; x_wconf 92' lang='lat' dir='ltr'>matri</span> 
     </span>
     <span class='ocr_line' id='line_1_40' title="bbox 212 3746 1405 3835; baseline -0.002 -21"><span class='ocrx_word' id='word_1_329' title='bbox 212 3756 254 3819; x_wconf 86' lang='lat' dir='ltr'>ab</span> <span class='ocrx_word' id='word_1_330' title='bbox 284 3747 400 3813; x_wconf 87' lang='lat' dir='ltr'>Oreste</span> <span class='ocrx_word' id='word_1_331' title='bbox 424 3761 563 3832; x_wconf 81' lang='lat' dir='ltr'>paternae</span> <span class='ocrx_word' id='word_1_332' title='bbox 590 3747 685 3812; x_wconf 86' lang='lat' dir='ltr'>caedis</span> <span class='ocrx_word' id='word_1_333' title='bbox 712 3746 815 3810; x_wconf 91' lang='lat' dir='ltr'>ultore</span> <span class='ocrx_word' id='word_1_334' title='bbox 842 3747 1057 3835; x_wconf 85' lang='lat' dir='ltr'>infligendum</span> <span class='ocrx_word' id='word_1_335' title='bbox 1084 3746 1181 3810; x_wconf 91' lang='lat' dir='ltr'>unice</span> <span class='ocrx_word' id='word_1_336' title='bbox 1210 3746 1405 3832; x_wconf 89' lang='lat' dir='ltr'>respiciunt,</span> 
     </span>
     <span class='ocr_line' id='line_1_41' title="bbox 211 3830 1404 3920; baseline -0.001 -20"><span class='ocrx_word' id='word_1_337' title='bbox 211 3855 245 3905; x_wconf 86' lang='lat' dir='ltr'>et</span> <span class='ocrx_word' id='word_1_338' title='bbox 267 3835 307 3900; x_wconf 91' lang='lat' dir='ltr'>de</span> <span class='ocrx_word' id='word_1_339' title='bbox 331 3830 475 3897; x_wconf 87' lang='lat' dir='ltr'>vindicta</span> <span class='ocrx_word' id='word_1_340' title='bbox 496 3831 549 3896; x_wconf 92' lang='lat' dir='ltr'>illa</span> <span class='ocrx_word' id='word_1_341' title='bbox 565 3831 759 3918; x_wconf 89' lang='lat' dir='ltr'>jamdudum</span> <span class='ocrx_word' id='word_1_342' title='bbox 774 3832 896 3897; x_wconf 88' lang='lat' dir='ltr'>oraculi</span> <span class='ocrx_word' id='word_1_343' title='bbox 906 3833 999 3919; x_wconf 89' lang='lat' dir='ltr'>jussu</span> <span class='ocrx_word' id='word_1_344' title='bbox 1015 3832 1146 3899; x_wconf 89' lang='lat' dir='ltr'>decreta</span> <span class='ocrx_word' id='word_1_345' title='bbox 1160 3832 1404 3920; x_wconf 87' lang='lat' dir='ltr'>interpretanda</span> 
     </span>
     <span class='ocr_line' id='line_1_42' title="bbox 212 3916 1402 4003; baseline -0.008 -11"><span class='ocrx_word' id='word_1_346' title='bbox 212 3938 297 3992; x_wconf 80' lang='lat' dir='ltr'>sunt.</span> <span class='ocrx_word' id='word_1_347' title='bbox 342 3916 432 3985; x_wconf 54' lang='lat' dir='ltr'>Hln&#39;c</span> <span class='ocrx_word' id='word_1_348' title='bbox 452 3925 524 3989; x_wconf 68' lang='grc' dir='ltr'>πόνος</span> <span class='ocrx_word' id='word_1_349' title='bbox 542 3922 648 3998; x_wconf 65' lang='lat' dir='ltr'>iwerin,</span> <span class='ocrx_word' id='word_1_350' title='bbox 669 3925 826 4003; x_wconf 58' lang='lat' dir='ltr'>aegaeam</span> <span class='ocrx_word' id='word_1_351' title='bbox 848 3922 957 3998; x_wconf 64' lang='grc' dir='ltr'>πλαγαὶ,</span> <span class='ocrx_word' id='word_1_352' title='bbox 980 3922 1080 4003; x_wconf 61' lang='grc' dir='ltr'>ἄφερτα</span> <span class='ocrx_word' id='word_1_353' title='bbox 1094 3921 1163 3998; x_wconf 60' lang='lat' dir='ltr'>cridla,</span> <span class='ocrx_word' id='word_1_354' title='bbox 1185 3921 1402 3992; x_wconf 67' lang='lat' dir='ltr'>drmrainawrar</span> 
     </span>
     <span class='ocr_line' id='line_1_43' title="bbox 210 4003 1402 4094; baseline 0.001 -24"><span class='ocrx_word' id='word_1_355' title='bbox 210 4018 300 4090; x_wconf 56' lang='lat' dir='ltr'>dapar.</span> <span class='ocrx_word' id='word_1_356' title='bbox 344 4004 452 4092; x_wconf 86' lang='lat' dir='ltr'>Atque</span> <span class='ocrx_word' id='word_1_357' title='bbox 475 4004 551 4070; x_wconf 88' lang='lat' dir='ltr'>hinc</span> <span class='ocrx_word' id='word_1_358' title='bbox 575 4005 704 4070; x_wconf 89' lang='lat' dir='ltr'>initium</span> <span class='ocrx_word' id='word_1_359' title='bbox 729 4020 833 4070; x_wconf 88' lang='lat' dir='ltr'>sumet</span> <span class='ocrx_word' id='word_1_360' title='bbox 849 4006 1096 4094; x_wconf 83' lang='lat' dir='ltr'>sanguinearum</span> <span class='ocrx_word' id='word_1_361' title='bbox 1113 4005 1245 4070; x_wconf 88' lang='lat' dir='ltr'>dearum</span> <span class='ocrx_word' id='word_1_362' title='bbox 1262 4003 1402 4092; x_wconf 87' lang='lat' dir='ltr'>hymnus</span> 
     </span>
     <span class='ocr_line' id='line_1_44' title="bbox 210 4080 867 4179; baseline -0.02 -13"><span class='ocrx_word' id='word_1_363' title='bbox 210 4100 264 4165; x_wconf 89' lang='lat' dir='ltr'>ille</span> <span class='ocrx_word' id='word_1_364' title='bbox 279 4091 371 4179; x_wconf 90' lang='lat' dir='ltr'>cujus</span> <span class='ocrx_word' id='word_1_365' title='bbox 386 4089 469 4155; x_wconf 85' lang='lat' dir='ltr'>infra</span> <span class='ocrx_word' id='word_1_366' title='bbox 485 4091 522 4156; x_wconf 84' lang='lat' dir='ltr'>fit</span> <span class='ocrx_word' id='word_1_367' title='bbox 536 4080 673 4158; x_wconf 85' lang='lat' dir='ltr'>mentio.l</span> <span class='ocrx_word' id='word_1_368' title='bbox 715 4091 867 4164; x_wconf 77' lang='lat' dir='ltr'>anrn.</span> 
     </span>
    </p>

    <p class='ocr_par' dir='ltr' id='par_1_11' title="bbox 210 4176 1403 4515">
     <span class='ocr_line' id='line_1_45' title="bbox 254 4176 1400 4266; baseline -0.002 -21"><span class='ocrx_word' id='word_1_369' title='bbox 254 4194 283 4251; x_wconf 75' lang='lat' dir='ltr'>r.</span> <span class='ocrx_word' id='word_1_370' title='bbox 297 4180 373 4245; x_wconf 77' lang='lat'>465.</span> <span class='ocrx_word' id='word_1_371' title='bbox 398 4192 462 4241; x_wconf 81' lang='lat' dir='ltr'>xm</span> <span class='ocrx_word' id='word_1_372' title='bbox 484 4191 721 4243; x_wconf 75' lang='lat' dir='ltr'>narnmorros</span> <span class='ocrx_word' id='word_1_373' title='bbox 743 4193 839 4243; x_wconf 79' lang='lat' dir='ltr'>nrm:</span> <span class='ocrx_word' id='word_1_374' title='bbox 862 4189 1100 4243; x_wconf 74' lang='lat' dir='ltr'>Armaroarsa</span> <span class='ocrx_word' id='word_1_375' title='bbox 1121 4190 1263 4242; x_wconf 75' lang='lat' dir='ltr'>naara.</span> <span class='ocrx_word' id='word_1_376' title='bbox 1291 4176 1313 4244; x_wconf 87' lang='lat' dir='ltr'>J</span> <span class='ocrx_word' id='word_1_377' title='bbox 1317 4200 1400 4266; x_wconf 86' lang='lat' dir='ltr'>unge</span> 
     </span>
     <span class='ocr_line' id='line_1_46' title="bbox 210 4263 1401 4351; baseline -0.005 -18"><span class='ocrx_word' id='word_1_378' title='bbox 210 4275 256 4334; x_wconf 77' lang='lat' dir='ltr'>real</span> <span class='ocrx_word' id='word_1_379' title='bbox 278 4271 428 4349; x_wconf 67' lang='lat' dir='ltr'>uagaipveac</span> <span class='ocrx_word' id='word_1_380' title='bbox 453 4271 618 4343; x_wconf 72' lang='lat' dir='ltr'>aiparo&#39;rm</span> <span class='ocrx_word' id='word_1_381' title='bbox 639 4267 738 4342; x_wconf 66' lang='grc' dir='ltr'>ωλαγᾶ</span> <span class='ocrx_word' id='word_1_382' title='bbox 766 4268 844 4336; x_wconf 75' lang='grc' dir='ltr'><strong><em>ἄτας.</em></strong></span> <span class='ocrx_word' id='word_1_383' title='bbox 899 4265 1061 4348; x_wconf 68' lang='grc' dir='ltr'>Παςοῖμυσος</span> <span class='ocrx_word' id='word_1_384' title='bbox 1090 4263 1124 4326; x_wconf 84' lang='lat' dir='ltr'>ln</span> <span class='ocrx_word' id='word_1_385' title='bbox 1153 4264 1308 4351; x_wconf 82' lang='lat' dir='ltr'>primaria</span> <span class='ocrx_word' id='word_1_386' title='bbox 1337 4265 1401 4351; x_wconf 84' lang='lat' dir='ltr'>sig·</span> 
     </span>
     <span class='ocr_line' id='line_1_47' title="bbox 210 4349 1403 4438; baseline -0.006 -17"><span class='ocrx_word' id='word_1_387' title='bbox 210 4352 400 4422; x_wconf 88' lang='lat' dir='ltr'>nificatione</span> <span class='ocrx_word' id='word_1_388' title='bbox 425 4362 474 4415; x_wconf 91' lang='lat' dir='ltr'>est</span> <span class='ocrx_word' id='word_1_389' title='bbox 495 4349 640 4433; x_wconf 67' lang='lat' dir='ltr'>duratas,</span> <span class='ocrx_word' id='word_1_390' title='bbox 676 4351 730 4417; x_wconf 90' lang='lat' dir='ltr'>hic</span> <span class='ocrx_word' id='word_1_391' title='bbox 757 4373 833 4420; x_wconf 83' lang='lat' dir='ltr'>uero</span> <span class='ocrx_word' id='word_1_392' title='bbox 868 4349 988 4419; x_wconf 84' lang='lat' dir='ltr'>alienus</span> <span class='ocrx_word' id='word_1_393' title='bbox 1025 4365 1059 4416; x_wconf 88' lang='lat' dir='ltr'>et</span> <span class='ocrx_word' id='word_1_394' title='bbox 1091 4349 1139 4416; x_wconf 89' lang='lat' dir='ltr'>sic</span> <span class='ocrx_word' id='word_1_395' title='bbox 1172 4349 1257 4438; x_wconf 89' lang='lat' dir='ltr'>apud</span> <span class='ocrx_word' id='word_1_396' title='bbox 1287 4349 1403 4438; x_wconf 77' lang='lat' dir='ltr'>Eurip.</span> 
     </span>
     <span class='ocr_line' id='line_1_48' title="bbox 212 4438 520 4515; baseline 0.01 -4"><span class='ocrx_word' id='word_1_397' title='bbox 212 4438 373 4511; x_wconf 85' lang='lat' dir='ltr'>Phoeniss.</span> <span class='ocrx_word' id='word_1_398' title='bbox 400 4447 431 4515; x_wconf 73' lang='lat' dir='ltr'>t·</span> <span class='ocrx_word' id='word_1_399' title='bbox 446 4444 520 4514; x_wconf 72' lang='lat'><strong>792·</strong></span> 
     </span>
    </p>
   </div>
   <div class='ocr_carea' id='block_1_3' title="bbox 0 0 1500 4942">
    <p class='ocr_par' dir='ltr' id='par_1_12' title="bbox 0 0 1500 4942">
     <span class='ocr_line' id='line_1_49' title="bbox 0 0 1500 4942; baseline 0 1"><span class='ocrx_word' id='word_1_400' title='bbox 0 0 1500 4942; x_wconf 95' lang='lat' dir='ltr'> </span> 
     </span>
    </p>
   </div>
  </div>
 </body>
</html>
