2958 4938
615 314 1031 403 enosrnonnr

374 527 396 566 „
411 486 494 551 Luce
507 478 604 550 tardos
617 485 734 551 dolores
747 486 934 574 germinant:

373 633 396 666 „
409 585 497 651 Alios
508 586 607 651 autern
621 601 731 651 aetema
744 602 863 653 coercet
876 609 952 653 nox.

659 790 925 863 STROPHE
957 815 988 883 3.

375 992 396 1025 ‚,
411 945 535 1035 Propter
548 948 723 1035 sanguinem
737 934 861 1031 epotum
874 971 892 1012 a
908 962 982 1015 tetra
994 947 1095 1015 altrice

376 1093 397 1125 „
411 1046 512 1112 Ultrix
526 1050 622 1114 caedes
634 1048 697 1113 fixa
709 1052 762 1127 eit,
784 1072 847 1114 non
857 1049 1002 1117 diffluens.

404 1145 501 1212 Noxa
515 1144 651 1213 luctuosa
662 1146 761 1214 differt
774 1142 927 1215 auctorem

403 1247 448 1312 Ut
461 1248 649 1334 gravissimos
663 1251 785 1315 morbos
798 1251 956 1334 producat:

405 1349 474 1413 Hos
489 1363 588 1415 autem
602 1366 713 1414 aeterna
726 1366 845 1416 coercet
856 1374 931 1416 nox.

404 1448 557 1530 Aperienti
568 1472 639 1531 vero
652 1451 736 1515 locos
750 1451 905 1517 muliebres
918 1451 1036 1516 nullum

404 1550 584 1618 Remedium
599 1570 656 1619 est:
678 1554 820 1643 fluviique
834 1577 939 1621 ornnes
952 1577 1016 1620 uno
1029 1554 1116 1620 alveo

405 1651 519 1715 Euntes
532 1652 732 1718 detestandam
1232 1685 1237 1715 ι

404 1752 530 1821 Caedem
543 1760 706 1846 purgaturi,
728 1761 828 1825 lavant
840 1759 956 1825 frustra.

590 1980 1062 2071 nurmunoaun3;

405 2131 487 2197 Mihi
499 2145 609 2214 autern,
625 2137 830 2227 necessitatem
842 2137 923 2201 enirn
938 2135 1004 2201 mhi
1020 2154 1216 2201 communem

406 2235 460 2301 Dii
471 2237 650 2303 intulerunt:
673 2241 782 2304 etenim
797 2241 919 2305 edomo

407 2337 530 2401 Paterna
544 2340 679 2404 servilem
693 2341 872 2405 induxerunt
885 2356 1006 2420 sortem,

410 2434 478 2502 Stat
494 2439 573 2523 jus'ta
588 2454 618 2505 'et
629 2441 747 2526 injusta,

407 2541 628 2609 Convenienter
641 2545 748 2635 origini
761 2568 849 2623 meae,
887 2558 891 2565 ’

407 2641 521 2709 Eorum
536 2647 588 2735 qui
603 2630 632 2712 'vi
645 2666 739 2737 agunt
751 2649 881 2728 laudare,
902 2650 1043 2714 acerbum
1058 2645 1165 2713 mentis
1180 2704 1183 2710 .

408 2747 523 2812 Odium
536 2751 696 2814 coercenti.
740 2752 846 2839 Lugeo
861 2765 961 2814 tamen
976 2751 1031 2815 s'ub
1046 2750 1174 2814 vestitus

407 2849 571 2915 Infaustam
584 2853 699 2918 domini
747 2912 751 2918 .

407 2949 535 3028 Sortem,
558 2954 684 3018 occultis
698 2954 826 3020 luctibus
840 2955 1009 3044 congelata.

724 3160 918 3226 IAMBI.

239 3310 403 3387 Ilunncr.
415 3308 561 3376 Ministrae
575 3312 720 3391 foeminae,
742 3314 960 3396 dispensatrices
973 3313 1090 3392 domus,

410 3411 566 3492 Quoniam
581 3415 685 3478 adestis
699 3415 787 3500 hujus
800 3415 974 3498 placationis
989 3438 1049 3479 una
1064 3438 1185 3480 mecum

408 3513 614 3595 Deductrices,
635 3528 728 3580 estote
741 3516 829 3580 etiarn
845 3514 880 3579 de
894 3516 939 3580 his
953 3516 1155 3580 consultrices.

410 3612 502 3695 Super
516 3616 604 3680 busto
617 3616 743 3681 fundens
757 3618 810 3681 has
824 3617 1019 3699 sepulchrales
1032 3615 1160 3693 inferias,
1381 3617 1399 3683 8
1401 3631 1420 3700 5·

410 3715 579 3796 Quomodo
591 3719 736 3782 benevola
749 3716 872 3805 loquar?
894 3718 1049 3803 quomodo
1061 3730 1174 3799 patrem
1189 3715 1349 3780 invocem?

410 3821 522 3883 Utrum
537 3821 634 3885 dicam
648 3845 666 3886 a
680 3823 770 3885 chara
784 3844 879 3886 uxore
891 3823 928 3886 ad
942 3822 1066 3886 charum
1081 3820 1179 3885 virum

410 3918 565 3998 Mesene,
587 3945 605 3986 a
619 3939 712 3986 matre
725 3922 837 3986 scilicet
851 3920 937 3985 mea?

411 4027 483 4089 Hoc
498 4049 560 4105 non
573 4049 642 4090 ausa
657 4048 735 4103 sum,
757 4049 855 4111 neque
870 4027 966 4090 habco
980 4023 1052 4112 quid
1065 4025 1175 4102 dicant,

411 4128 576 4193 Effundens
588 4129 648 4193 hoc
662 4129 757 4193 libum
770 4152 856 4212 super
869 4131 990 4193 bustum
1003 4129 1101 4210 patris.
1187 4136 1189 4139 ’
1212 4152 1217 4159 ’
1381 4146 1420 4212 90

410 4234 476 4298 Aut
489 4234 548 4315 hoc
562 4234 659 4316 potius
672 4234 780 4311 dicam,
803 4250 891 4316 prout
905 4233 1079 4297 mortalibus
1092 4231 1143 4297 lex
1156 4247 1211 4311 est,

409 4338 581 4419 Rependere
595 4361 647 4420 par
658 4330 726 4404 haec
741 4340 924 4405 mittentibus

411 4439 502 4520 Serta,
524 4444 691 4507 mercedem
704 4444 852 4509 malorum
866 4439 1007 4530 dignam?
1116 4450 1120 4459 '

408 4544 473 4608 Aut
486 4546 645 4613 tacendum
661 4545 818 4627 inhonore,
840 4543 1083 4634 quandoquidem
1094 4542 1180 4627 periit
