2924 4936
463 310 844 382 CHOEPHORAE.

237 468 396 536 Recusanti
411 492 482 534 vero
496 491 559 534 non
573 491 710 533 memoro
725 469 844 555 qualem
861 467 1022 532 mulctam:

234 577 319 637 Arcu
331 571 413 637 enim
427 595 518 637 nemo
534 572 643 635 damrm
658 572 712 635 illa
731 572 867 657 attinget.

233 676 272 738 Et
286 697 368 738 nunc
382 675 503 756 aspicite
517 696 577 751 me,
593 674 748 758 quomodo
764 674 926 736 instructus

234 774 306 839 Hoc
320 775 396 839 oleae
409 798 494 839 ramo
509 788 538 837 et
553 796 667 838 corona
680 775 769 838 adibo
1171 787 1209 834 10
1211 787 1229 854 3
1233 784 1251 853 5

233 876 381 957 Apollinis
394 876 504 940 solium
515 877 547 940 in
561 874 707 940 umbilico
718 874 797 938 orbis
812 874 954 956 positum,

234 977 273 1040 Et
288 976 367 1063 ignis
385 978 485 1041 lucem
499 978 610 1042 dictam
623 976 835 1054 immortalem,

234 1077 286 1140 Ad
295 1077 472 1164 fugiendum
480 1079 563 1142 hunc
572 1077 749 1165 sanguinem
758 1098 965 1153 communem,
974 1097 1071 1161 neque
1080 1074 1117 1137 ad
1127 1073 1252 1137 domum

234 1179 337 1242 Aliam
351 1179 492 1243 divertere
506 1179 619 1261 Apollo
633 1178 773 1261 permisit.

234 1279 309 1341 Hoc
325 1293 458 1359 tempore
473 1278 573 1353 velim,
593 1300 698 1341 omnes
712 1276 817 1363 Argivi
833 1275 909 1340 mihi
1173 1291 1253 1352 1040

235 1377 282 1439 Ut
297 1392 381 1439 testes
395 1377 464 1453 sint,
488 1380 564 1462 quod
574 1378 702 1459 populus
715 1375 824 1463 effugit
837 1377 925 1440 mala.

234 1477 304 1564 Ego
320 1500 392 1541 vero
406 1478 598 1557 errabundus,
620 1480 658 1542 ab
670 1479 727 1542 hac
741 1493 816 1542 terra
828 1478 899 1540 exul

233 1580 333 1643 Vivus
348 1595 553 1664 mortuusque,
575 1579 644 1643 haee
662 1579 784 1642 oracula
795 1578 942 1662 linquens.

236 1678 293 1743 Sed
306 1703 379 1743 curn
392 1681 616 1758 benefecerim,
638 1702 736 1766 neque
752 1678 886 1743 firmetur
901 1698 935 1739 os

235 1781 338 1845 Famae
353 1783 452 1860 malas,
474 1803 571 1868 neque
585 1782 723 1846 convicia
737 1780 842 1858 feram,

234 1881 377 1946 Liberam
391 1899 488 1947 totam
501 1883 648 1970 Argiuam
662 1884 778 1962 urbem,

235 1982 379 2048 Duorum
393 1985 559 2048 draconum
574 1983 660 2048 facile
673 1984 847 2050 abscindens
860 1998 961 2064 caput.

233 2086 303 2150 Ah!
326 2087 381 2151 ab!
407 2086 529 2153 famulae
544 2089 692 2168 mulieres,
714 2091 763 2154 hae
779 2086 968 2175 Gorgonum
983 2085 1093 2153 similes

235 2187 372 2266 Pullatae,
393 2204 423 2256 et
437 2189 597 2270 implicatae

236 2283 375 2348 Plurimis
389 2286 582 2368 serpentibus.
627 2287 704 2350 Non
718 2284 827 2350 diutius
840 2287 970 2349 manebo
985 2307 1054 2373 ego.

236 2387 319 2468 Quae
334 2404 364 2453 te
376 2389 549 2471 phantasiae,
570 2390 730 2454 hominum
742 2389 912 2454 charissime
926 2388 1011 2472 patri,

235 2487 415 2576 Exagitant?
461 2489 545 2568 Siste,
564 2513 603 2555 ne
618 2490 702 2555 valde
715 2491 820 2555 timeas
834 2490 939 2555 victor.

236 2590 314 2654 Non
328 2608 398 2656 sunt
412 2593 487 2656 mihi
500 2593 661 2674 phantasiae
674 2593 786 2657 horum
801 2593 961 2656 malorum.

236 2689 331 2755 Certo
346 2692 427 2756 enim
440 2692 490 2757 hae
505 2708 575 2757 sunt
589 2693 689 2757 matris
703 2693 785 2757 iratae
799 2714 897 2756 canes.

171 2837 178 2855 .
238 2789 359 2857 Recens
374 2793 494 2880 sanguis
507 2793 606 2858 adhuc
621 2794 653 2856 in
667 2794 805 2857 manibus
818 2807 872 2856 est.

238 2892 322 2957 Hinc
336 2894 517 2976 perturbatio
531 2895 584 2957 tibi
600 2893 632 2956 in
646 2890 781 2956 animum
796 2889 885 2955 cadit.

185 3042 195 3059 .
239 2995 307 3059 Rex
322 2995 448 3077 Apollo,
462 2996 512 3060 hae
527 3012 673 3084 augentur
686 2996 808 3082 quidem
820 3015 958 3072 numero,

237 3097 280 3163 Et
293 3121 333 3163 ex
346 3100 441 3164 oculis
454 3100 592 3165 distillant
605 3099 784 3187 sanguinem
796 3098 945 3162 odiosum.

170 3242 179 3262 .
237 3200 322 3264 lntus
336 3200 474 3287 purgatio
488 3215 541 3265 est.
585 3200 761 3282 Apollinem
773 3222 846 3264 cum
859 3196 999 3284 attigeris,

238 3302 381 3368 Liberum
395 3318 425 3366 te
437 3305 475 3367 ab
490 3303 536 3367 his
546 3304 631 3368 malis
644 3303 743 3368 faciet.

187 3449 197 3470 .
238 3403 306 3468 Vos
319 3403 441 3488 quidem
454 3404 509 3467 has
522 3426 585 3467 non
598 3403 712 3481 videtis,
733 3426 792 3489 ego
807 3417 907 3467 autem
920 3400 1019 3466 video.

237 3503 384 3592 Exagitor
397 3526 480 3583 vero,
502 3521 532 3570 et
544 3504 653 3569 diutius
666 3526 731 3568 non
745 3505 884 3567 manebo.

170 3649 177 3667 .
234 3606 352 3668 Verum
366 3604 533 3669 fortunatus
547 3604 596 3684 sis,
617 3604 713 3691 etqui
728 3619 757 3667 te
771 3603 916 3684 inspectat
930 3601 1016 3665 Deus

236 3703 347 3768 Libens
357 3705 506 3769 custodiat
519 3705 550 3769 in
564 3704 737 3787 periculosis
751 3702 976 3767 calamitatibus.

479 3888 827 3959 ANAPAESTI.

237 4047 318 4111 Haec
332 4047 455 4133 quidem
471 4046 585 4111 aedibus
600 4044 703 4131 Regiis

235 4146 341 4211 Tertia
356 4163 513 4230 tempestas

238 4247 372 4330 Spirante
385 4264 476 4313 vento
491 4248 658 4330 procelloso
673 4245 787 4310 adfecta
802 4259 854 4308 est.

237 4351 374 4415 Primum
389 4351 511 4438 quidem
525 4349 622 4411 liberis
637 4362 765 4411 mortem
781 4344 936 4410 inferentes

238 4451 369 4517 Dolores
381 4452 538 4535 miserique
548 4451 707 4536 Thyestae:

238 4549 378 4620 Secundo
391 4553 444 4618 viri
459 4551 558 4637 Regia
572 4550 677 4614 caedes.
