2924 4936
179 342 240 411 124
435 320 511 391 IN
566 323 1086 393 CHOEPHORAS

224 481 269 562 [t.
285 499 357 564 254.
382 494 575 548 uaomorz.
623 480 675 546 Se.
689 488 773 548 'arira
786 487 895 565 erepta,
916 484 944 555 rt.
958 484 1048 571 245]

221 584 252 646 ν’.
266 602 338 666 257.
361 601 538 653 namnam
553 599 658 649 exora
673 599 726 648 au
741 590 887 649 auuar‘.
933 581 1084 647 Fulmina
1096 578 1163 646 scil.
1181 600 1255 668 quae
1266 589 1364 668 porta-
1454 622 1455 663 .

181 680 236 745 bat
251 681 354 768 aquila
369 681 433 746 ales
445 681 543 749 Jovis.

223 781 324 869 [Ibid.
348 786 670 850 zumar’arnarou.
716 784 952 871 Agamemn..rt.
967 784 1040 849 282.
1115 790 1117 805 '

434 892 606 968 -ὅνιΐςων
619 887 740 965 φάσματ’
755 886 883 966 ιῦτειθῆ.]

223 987 269 1073 [t.
282 1005 353 1072 259.
376 1001 510 1052 nomon:
533 1004 665 1051 arnam.
712 978 799 1072 Sept.
814 995 921 1051 contra
938 984 1046 1051 Theb.
1067 993 1097 1057 rt.
1113 1006 1164 1071 14.

433 1094 508 1152 ntae·
524 1094 548 1150 τ’
560 1091 669 1168 o’rpripcu,
691 1091 736 1150 aral
751 1090 810 1151 derit
825 1095 944 1170 ἰγχωςίωυ

434 1191 657 1273 Βωμσῒσι--.]
741 1260 744 1265 g
1454 1242 1455 1247 .

221 1307 250 1362 r.
264 1293 336 1378 264.
359 1307 519 1356 ΓΛΩΣΣΗΣ
540 1307 655 1355 ΧΑΡΙΝ.
700 1289 771 1362 Prae
783 1287 973 1379 garrulitate.
1020 1287 1068 1352 lta
1092 1285 1148 1376 qui
1174 1285 1264 1351 nulla
1289 1307 1370 1350 mer·

181 1397 270 1475 cede,
292 1394 346 1460 sed
360 1392 428 1458 solo
443 1392 630 1481 garrulitatis
644 1394 756 1459 morbo
781 1406 895 1474 motus,
920 1393 1080 1472 mentitur,
1100 1395 1237 1468 ψεύδεσθαι
1259 1394 1372 1467 γλώσσης
1454 1390 1455 1437 3

180 1503 256 1583 gatar
272 1497 392 1561 dicitur.
438 1494 514 1580 Quo
535 1518 630 1560 sensu
652 1495 738 1562 hunc
753 1497 860 1574 locum
875 1495 951 1559 olim
965 1495 1184 1581 interpretatus
1197 1503 1243 1556 est
1260 1492 1372 1557 Petrus

180 1601 349 1680 Vittorius,
371 1597 444 1664 Var.
459 1600 549 1664 Lea.
568 1598 648 1665 XX.
666 1621 694 1665 a.
754 1610 777 1641 “
793 1604 909 1672 rata-ene
938 1603 1013 1681 χάριν
1045 1595 1181 1687 (inquit)
1208 1595 1303 1672 valet,
1339 1605 1373 1660 ut

181 1704 304 1792 opinor,
327 1701 413 1791 apud
428 1699 627 1788 AEschylum,
650 1711 683 1765 ut
700 1712 770 1765 sunt
786 1699 915 1764 homines
932 1695 1065 1787 garruli,
1088 1718 1123 1763 ac
1145 1693 1282 1759 libenter
1301 1717 1373 1783 quae
1454 1716 1455 1719 ¹

167 1800 284 1870 ¹sciunt
307 1802 495 1889 loquuntur,
526 1799 615 1865 nulla
640 1801 734 1866 etiam
760 1800 917 1889 proposita
948 1797 1089 1863 utilitate.
1137 1795 1242 1860 Locus
1271 1797 1373 1863 estin
1454 1804 1455 1815 ¹

182 1905 378 1997 Choephoris,
395 1903 451 1968 ubi
466 1916 536 1991 post
550 1903 759 1991 cognitionem
775 1904 900 1978 factam,
915 1899 1040 1965 Elettra
1056 1911 1151 1987 atque
1166 1896 1285 1962 Orestes
1294 1897 1374 1961 inter

181 2034 214 2078 se
250 2008 436 2096 loquuntur,
477 2028 512 2069 ac
542 2027 627 2069 soror
656 2005 740 2070 fratri
773 2003 957 2093 gratulatur,
999 2001 1206 2087 stimulosque
1239 2003 1301 2090 ipsi
1337 2002 1374 2068 ad
1454 2036 1455 2077 ς

182 2107 402 2178 ulciscendum
424 2117 543 2194 patrem
567 2104 705 2170 adhibet.
753 2104 869 2170 Orestes
893 2115 999 2169 autem
1025 2100 1143 2168 aJove
1167 2122 1263 2189 opem
1287 2103 1374 2189 petit,
1454 2096 1455 2151 ἦ

180 2221 389 2302 precaturque
406 2217 442 2271 ut
455 2204 607 2293 propitius
621 2205 667 2271 illi
683 2206 810 2272 facinori
825 2205 913 2270 adsit.
961 2203 1000 2268 In
1026 2203 1086 2268 hoc
1110 2202 1195 2268 enim
1218 2224 1374 2281 sermone,
1454 2204 1455 2279 3

182 2335 256 2379 cum
268 2306 416 2374 commoti
427 2306 653 2371 animovocem
670 2307 867 2396 aliquantum
882 2302 1077 2383 extulissent,
1092 2305 1242 2374 admonet
1250 2302 1376 2375 Chorus
1454 2298 1455 2371 Ῐ

181 2424 220 2483 ut
233 2406 457 2496 temperantius
471 2417 574 2493 agant,
589 2428 765 2494 vocemque
779 2418 988 2494 compescant,
1003 2429 1044 2471 ne
1059 2404 1130 2493 quis
1145 2405 1312 2481 exaudiat;
1330 2428 1374 2489 ac,
1454 2406 1455 2447 ἕ

181 2513 271 2602 quod
284 2510 344 2575 illis
355 2508 524 2598 perniciem
535 2507 667 2586 afferret,
684 2509 789 2574 omnia
804 2531 940 2595 regnum
950 2507 1010 2573 illis
1022 2505 1237 2571 obtinentibus
1249 2508 1376 2595 aperiat,
1454 2544 1455 2581 3

181 2636 249 2683 non
272 2610 400 2676 inimico
424 2631 498 2673 sane
525 2609 640 2685 animo,
675 2606 780 2698 neque
805 2610 890 2675 enim
912 2609 997 2673 domi
1022 2618 1087 2672 erat
1113 2609 1169 2694 qui
1198 2608 1273 2673 odio
1295 2610 1377 2696 ipsos
1454 2688 1455 2695 ἵ

181 2720 433 2807 prosequeretur,
465 2708 519 2772 sed
548 2708 678 2774 libidine
705 2709 870 2798 loquendi,
900 2732 936 2774 ac
965 2731 1060 2774 novas
1085 2730 1132 2773 res
1158 2702 1378 2775 enuntiandi.''
1454 2738 1455 2741 ¹

184 2812 372 2899 [Hactenus
397 2809 444 2872 vir
472 2807 686 2874 dodlissimus:
716 2833 829 2876 verum
852 2810 956 2875 nescio
979 2833 1019 2874 an
1042 2827 1110 2898 prae
1130 2808 1319 2898 garrulitate
1342 2811 1378 2875 sit

181 2910 375 2998 simpliciter,
397 2918 452 2972 aut
467 2908 554 2973 nuda
574 2908 727 2996 loquendi
749 2908 891 2987 libidine,
914 2932 968 2974 seu
983 2909 1085 2995 potius
1099 2907 1248 2973 ineundae
1263 2911 1370 2996 gratiae

182 3011 296 3086 studio,
310 3006 397 3095 quod
406 3005 578 3093 AEschylus
590 3009 656 3095 ipse
666 3009 698 3072 in
713 3010 875 3077 Prometh.
889 3017 917 3082 γ’.
928 3031 1000 3094 294,
1014 3022 1104 3075 vocat
1114 3014 1371 3094 gagrroyauwstr]

228 3117 273 3196 [r.
292 3111 364 3174 266.
388 3126 437 3174 au
461 3126 592 3174 numm
616 3128 785 3176 utranam
806 3130 949 3178 oaoros.
996 3113 1027 3178 h.
1043 3136 1071 3178 e.
1088 3114 1119 3177 in
1131 3131 1213 3203 pyra
1226 3114 1375 3203 funebri.
1454 3166 1455 3181 .

184 3202 295 3282 Picent
319 3212 400 3300 rogis
426 3211 598 3279 adhibitam
627 3224 756 3279 testatur
781 3226 894 3303 praeter
918 3215 1004 3280 hunc
1030 3215 1170 3304 AEschyli
1193 3216 1302 3282 locum
1327 3219 1377 3285 in.
1454 3228 1455 3231 ’

183 3314 307 3402 scriptio
320 3324 411 3377 vetus
428 3312 583 3392 Romana,
609 3336 671 3380 nac
696 3338 742 3381 ux
767 3339 900 3383 acaum
925 3338 1030 3387 uours
1056 3340 1141 3384 enus
1166 3340 1377 3388 1uvauru1u

75 3432 77 3437 ’
183 3439 248 3484 asa
284 3435 393 3502 Qraru
428 3436 526 3501 quor>
562 3437 791 3483 surareanar
827 3442 878 3486 nu
917 3439 1115 3485 eurupam
1151 3439 1299 3489 ernam.
1326 3443 1377 3489 aa
1454 3420 1455 3431 ’

185 3542 304 3589 ruer-:M
329 3512 460 3605 Quaus
485 3541 657 3585 coaeoaa
681 3522 1004 3602 CREMARENTUR]
1454 3518 1455 3523 ’

227 3620 327 3709 [Ibid.
351 3637 400 3684 EN
424 3637 565 3687 truatur.
612 3619 663 3686 Sic
678 3635 786 3700 arra.
804 3630 863 3704 pte
883 3633 970 3696 aaran:
995 3620 1230 3709 etAgamemn.
1253 3638 1283 3687 r.
1297 3624 1377 3707 969.
1454 3692 1455 3697 ,

181 3725 270 3792 annila
284 3723 483 3802 crematam]
585 3756 588 3761 ’

229 3825 360 3906 [mapo.
383 3824 435 3886 Ὑφ’
455 3839 551 3886 Hune
573 3838 727 3888 ΘΕΡΜοΝ.
788 3822 949 3912 Significat
977 3823 1038 3889 sub
1067 3821 1179 3910 hepate
1208 3821 1379 3909 praecalido
1454 3818 1455 3823 ’

184 3947 310 3988 causam
326 3921 512 3990 morborum
527 3946 608 4015 quos
623 3925 765 3994 minatur
775 3923 902 4010 latere]

225 4029 256 4091 rt.
276 4043 346 4110 273.
371 4043 567 4096 auoxeuua
587 4045 679 4097 roim
701 4046 858 4105 zamram,
883 4028 1024 4092 donorum
1041 4026 1164 4094 mutata.
1196 4025 1284 4115 Lego
1300 4050 1377 4115 cum
1454 4054 1455 4063 ¹

182 4126 322 4192 Canteto
350 4136 570 4211 ἀποχρημάτοισι.
636 4135 838 4216 Ἀποχςῆματος
866 4135 944 4212 ζημία
973 4144 1019 4196 est
1048 4131 1191 4199 damnum
1228 4129 1375 4198 bonorum
1454 4124 1455 4191 l

184 4228 326 4294 omnium.
374 4229 453 4295 Huc
469 4229 541 4299 facit
553 4231 633 4296 illud
649 4232 735 4320 quod
751 4233 902 4321 sequitur,
927 4242 956 4300 rt.
971 4252 1044 4316 299.

439 4336 494 4395 Kal
508 4336 653 4418 ωςοσπιέζει
663 4323 803 4419 Ιχζημωίτων
816 4342 920 4418 ἀχηνία.

184 4430 225 4503 In
241 4430 352 4511 Persis,
374 4445 403 4499 rt.
417 4437 489 4518 167.

440 4542 508 4605 Matr
523 4542 697 4631 a’rxgrprrirorrt
711 4547 821 4622 λάμπειν
835 4550 894 4627 Quia.
