<?xml version="1.0" encoding="UTF-8"?>
<!DOCTYPE html PUBLIC "-//W3C//DTD XHTML 1.0 Transitional//EN"
    "http://www.w3.org/TR/xhtml1/DTD/xhtml1-transitional.dtd">
<html xmlns="http://www.w3.org/1999/xhtml" xml:lang="en" lang="en">
 <head>
  <title>
</title>
<meta http-equiv="Content-Type" content="text/html;charset=utf-8" />
  <meta name='ocr-system' content='tesseract 3.04.00' />
  <meta name='ocr-capabilities' content='ocr_page ocr_carea ocr_par ocr_line ocrx_word'/>
</head>
<body>
  <div class='ocr_page' id='page_1' title='image "./schylitragdiqus01aescgoog_0101.png"; bbox 0 0 2924 4936; ppageno 0'>
   <div class='ocr_carea' id='block_1_1' title="bbox 192 195 1090 289">
    <p class='ocr_par' dir='ltr' id='par_1_1' title="bbox 192 195 1090 289">
     <span class='ocr_line' id='line_1_1' title="bbox 192 195 1090 289; baseline 0.001 -1"><span class='ocrx_word' id='word_1_1' title='bbox 192 216 233 288; x_wconf 85' lang='lat' dir='ltr'><strong>ss</strong></span> <span class='ocrx_word' id='word_1_2' title='bbox 576 195 987 287; x_wconf 70' lang='lat' dir='ltr'><strong>cnouruone</strong></span> <span class='ocrx_word' id='word_1_3' title='bbox 1085 280 1090 289; x_wconf 79' lang='grc'><em>,</em></span> 
     </span>
    </p>
   </div>
   <div class='ocr_carea' id='block_1_2' title="bbox 356 373 985 1275">
    <p class='ocr_par' dir='ltr' id='par_1_2' title="bbox 356 373 985 653">
     <span class='ocr_line' id='line_1_2' title="bbox 358 373 841 451; baseline -0.002 -13"><span class='ocrx_word' id='word_1_4' title='bbox 358 374 563 451; x_wconf 86' lang='lat' dir='ltr'><strong>Damnorum‚</strong></span> <span class='ocrx_word' id='word_1_5' title='bbox 586 373 720 439; x_wconf 84' lang='lat' dir='ltr'><strong>incursu</strong></span> <span class='ocrx_word' id='word_1_6' title='bbox 734 374 841 439; x_wconf 84' lang='lat' dir='ltr'>adhibe</span> 
     </span>
     <span class='ocr_line' id='line_1_3' title="bbox 359 477 985 559; baseline -0.005 -19"><span class='ocrx_word' id='word_1_7' title='bbox 359 477 569 541; x_wconf 83' lang='lat' dir='ltr'><strong>Moderamen.</strong></span> <span class='ocrx_word' id='word_1_8' title='bbox 614 477 694 559; x_wconf 83' lang='lat' dir='ltr'><strong>Quis</strong></span> <span class='ocrx_word' id='word_1_9' title='bbox 708 481 752 542; x_wconf 83' lang='lat' dir='ltr'><strong>det</strong></span> <span class='ocrx_word' id='word_1_10' title='bbox 765 477 848 542; x_wconf 88' lang='lat' dir='ltr'><strong>salvo</strong></span> <span class='ocrx_word' id='word_1_11' title='bbox 862 491 985 541; x_wconf 84' lang='lat' dir='ltr'><strong>temone</strong></span> 
     </span>
     <span class='ocr_line' id='line_1_4' title="bbox 356 575 696 653; baseline 0.003 -13"><span class='ocrx_word' id='word_1_12' title='bbox 356 575 429 641; x_wconf 89' lang='lat' dir='ltr'><strong>Hoc</strong></span> <span class='ocrx_word' id='word_1_13' title='bbox 444 578 540 641; x_wconf 88' lang='lat' dir='ltr'><strong>videre</strong></span> <span class='ocrx_word' id='word_1_14' title='bbox 554 577 653 641; x_wconf 89' lang='lat' dir='ltr'><strong>solum</strong></span> <span class='ocrx_word' id='word_1_15' title='bbox 694 649 696 653; x_wconf 12' lang='lat' dir='ltr'>y</span> 
     </span>
    </p>

    <p class='ocr_par' dir='ltr' id='par_1_3' title="bbox 358 679 896 868">
     <span class='ocr_line' id='line_1_5' title="bbox 358 679 896 747; baseline 0 -4"><span class='ocrx_word' id='word_1_16' title='bbox 358 679 525 745; x_wconf 78' lang='lat' dir='ltr'><strong>Firiitorum</strong></span> <span class='ocrx_word' id='word_1_17' title='bbox 540 682 688 747; x_wconf 82' lang='lat' dir='ltr'><strong>malorum</strong></span> <span class='ocrx_word' id='word_1_18' title='bbox 703 679 896 745; x_wconf 81' lang='lat' dir='ltr'><strong>desiderium?</strong></span> 
     </span>
     <span class='ocr_line' id='line_1_6' title="bbox 360 782 801 868; baseline 0.002 -24"><span class='ocrx_word' id='word_1_19' title='bbox 360 782 486 868; x_wconf 87' lang='lat' dir='ltr'><strong>Quique</strong></span> <span class='ocrx_word' id='word_1_20' title='bbox 502 783 618 847; x_wconf 85' lang='lat' dir='ltr'><strong>interior</strong></span> <span class='ocrx_word' id='word_1_21' title='bbox 624 807 676 846; x_wconf 80' lang='lat' dir='ltr'><strong>um</strong></span> <span class='ocrx_word' id='word_1_22' title='bbox 690 784 801 846; x_wconf 86' lang='lat' dir='ltr'><strong>aedium</strong></span> 
     </span>
    </p>

    <p class='ocr_par' dir='ltr' id='par_1_4' title="bbox 356 882 887 1063">
     <span class='ocr_line' id='line_1_7' title="bbox 356 882 887 957; baseline -0.008 -9"><span class='ocrx_word' id='word_1_23' title='bbox 356 884 491 948; x_wconf 88' lang='lat' dir='ltr'><strong>Divitem</strong></span> <span class='ocrx_word' id='word_1_24' title='bbox 507 907 654 948; x_wconf 83' lang='lat' dir='ltr'>recessum</span> <span class='ocrx_word' id='word_1_25' title='bbox 669 882 887 957; x_wconf 80' lang='lat' dir='ltr'><strong>administratis,</strong></span> 
     </span>
     <span class='ocr_line' id='line_1_8' title="bbox 357 982 710 1063; baseline 0.006 -16"><span class='ocrx_word' id='word_1_26' title='bbox 357 982 480 1063; x_wconf 79' lang='lat' dir='ltr'><strong>Audite,</strong></span> <span class='ocrx_word' id='word_1_27' title='bbox 494 987 630 1049; x_wconf 83' lang='lat' dir='ltr'><strong>benevoli</strong></span> <span class='ocrx_word' id='word_1_28' title='bbox 647 985 710 1049; x_wconf 89' lang='lat' dir='ltr'><strong>Dii.</strong></span> 
     </span>
    </p>

    <p class='ocr_par' dir='ltr' id='par_1_5' title="bbox 358 1086 763 1171">
     <span class='ocr_line' id='line_1_9' title="bbox 358 1086 763 1171; baseline -0.002 -21"><span class='ocrx_word' id='word_1_29' title='bbox 358 1086 463 1171; x_wconf 83' lang='lat' dir='ltr'>Agite,</span> <span class='ocrx_word' id='word_1_30' title='bbox 486 1088 559 1151; x_wconf 89' lang='lat' dir='ltr'><strong>olim</strong></span> <span class='ocrx_word' id='word_1_31' title='bbox 575 1088 763 1151; x_wconf 88' lang='lat' dir='ltr'><strong>venditorum</strong></span> 
     </span>
    </p>

    <p class='ocr_par' dir='ltr' id='par_1_6' title="bbox 359 1183 937 1275">
     <span class='ocr_line' id='line_1_10' title="bbox 359 1183 937 1275; baseline -0.002 -23"><span class='ocrx_word' id='word_1_32' title='bbox 359 1188 469 1252; x_wconf 84' lang='lat' dir='ltr'>Solvite</span> <span class='ocrx_word' id='word_1_33' title='bbox 483 1190 657 1275; x_wconf 84' lang='lat' dir='ltr'><strong>sanguinem</strong></span> <span class='ocrx_word' id='word_1_34' title='bbox 672 1185 783 1252; x_wconf 83' lang='lat' dir='ltr'>recenti</span> <span class='ocrx_word' id='word_1_35' title='bbox 798 1183 937 1251; x_wconf 82' lang='lat' dir='ltr'><strong>vindicta.</strong></span> 
     </span>
    </p>
   </div>
   <div class='ocr_carea' id='block_1_3' title="bbox 508 1409 1039 1480">
    <p class='ocr_par' dir='ltr' id='par_1_7' title="bbox 508 1409 1039 1480">
     <span class='ocr_line' id='line_1_11' title="bbox 508 1409 1039 1480; baseline -0.015 -1"><span class='ocrx_word' id='word_1_36' title='bbox 508 1409 1039 1480; x_wconf 83' lang='lat' dir='ltr'><strong>MONOSTROPHICA.</strong></span> 
     </span>
    </p>
   </div>
   <div class='ocr_carea' id='block_1_4' title="bbox 297 1558 1379 3778">
    <p class='ocr_par' dir='ltr' id='par_1_8' title="bbox 297 1558 1379 3778">
     <span class='ocr_line' id='line_1_12' title="bbox 360 1558 1074 1645; baseline -0.008 -19"><span class='ocrx_word' id='word_1_37' title='bbox 360 1563 457 1626; x_wconf 83' lang='lat' dir='ltr'><strong>Vetus</strong></span> <span class='ocrx_word' id='word_1_38' title='bbox 471 1563 568 1627; x_wconf 88' lang='lat' dir='ltr'><strong>caedes</strong></span> <span class='ocrx_word' id='word_1_39' title='bbox 582 1586 644 1632; x_wconf 88' lang='lat' dir='ltr'><strong>non</strong></span> <span class='ocrx_word' id='word_1_40' title='bbox 660 1563 786 1645; x_wconf 84' lang='lat' dir='ltr'><strong>amplius</strong></span> <span class='ocrx_word' id='word_1_41' title='bbox 799 1562 830 1627; x_wconf 88' lang='lat' dir='ltr'><strong>in</strong></span> <span class='ocrx_word' id='word_1_42' title='bbox 846 1563 958 1629; x_wconf 85' lang='lat' dir='ltr'><strong>aedibus</strong></span> <span class='ocrx_word' id='word_1_43' title='bbox 971 1558 1074 1642; x_wconf 88' lang='lat' dir='ltr'><strong>pariat,</strong></span> 
     </span>
     <span class='ocr_line' id='line_1_13' title="bbox 358 1663 750 1730; baseline 0.003 -2"><span class='ocrx_word' id='word_1_44' title='bbox 358 1663 431 1728; x_wconf 88' lang='lat' dir='ltr'><strong>Hoc</strong></span> <span class='ocrx_word' id='word_1_45' title='bbox 447 1664 570 1729; x_wconf 77' lang='lat' dir='ltr'><strong>feliciter</strong></span> <span class='ocrx_word' id='word_1_46' title='bbox 584 1666 750 1730; x_wconf 77' lang='lat' dir='ltr'><strong>interfecto·</strong></span> 
     </span>
     <span class='ocr_line' id='line_1_14' title="bbox 358 1760 1379 1851; baseline -0.001 -24"><span class='ocrx_word' id='word_1_47' title='bbox 358 1767 391 1828; x_wconf 82' lang='grc' dir='ltr'>Ο</span> <span class='ocrx_word' id='word_1_48' title='bbox 405 1764 457 1849; x_wconf 91' lang='lat' dir='ltr'><strong>qui</strong></span> <span class='ocrx_word' id='word_1_49' title='bbox 471 1787 616 1851; x_wconf 87' lang='lat' dir='ltr'><strong>magnum</strong></span> <span class='ocrx_word' id='word_1_50' title='bbox 632 1765 747 1828; x_wconf 85' lang='lat' dir='ltr'><strong>habitas</strong></span> <span class='ocrx_word' id='word_1_51' title='bbox 761 1765 899 1847; x_wconf 88' lang='lat' dir='ltr'><strong>profundi</strong></span> <span class='ocrx_word' id='word_1_52' title='bbox 915 1784 960 1841; x_wconf 77' lang='lat' dir='ltr'><strong>oe,</strong></span> <span class='ocrx_word' id='word_1_53' title='bbox 975 1783 1112 1845; x_wconf 79' lang='lat' dir='ltr'><strong>prospere</strong></span> <span class='ocrx_word' id='word_1_54' title='bbox 1169 1832 1174 1837; x_wconf 48' lang='grc'>,</span> <span class='ocrx_word' id='word_1_55' title='bbox 1314 1760 1379 1845; x_wconf 79' lang='lat'><strong>805</strong></span> 
     </span>
     <span class='ocr_line' id='line_1_15' title="bbox 356 1861 1343 1950; baseline -0.004 -21"><span class='ocrx_word' id='word_1_56' title='bbox 356 1862 517 1929; x_wconf 84' lang='lat' dir='ltr'><strong>Concedas</strong></span> <span class='ocrx_word' id='word_1_57' title='bbox 530 1862 627 1929; x_wconf 83' lang='lat' dir='ltr'><em>Oresti</em></span> <span class='ocrx_word' id='word_1_58' title='bbox 641 1867 747 1930; x_wconf 89' lang='lat' dir='ltr'><strong>iterum</strong></span> <span class='ocrx_word' id='word_1_59' title='bbox 761 1867 891 1950; x_wconf 82' lang='lat' dir='ltr'><strong>aspicere</strong></span> <span class='ocrx_word' id='word_1_60' title='bbox 901 1867 1029 1930; x_wconf 89' lang='lat' dir='ltr'><strong>domum</strong></span> <span class='ocrx_word' id='word_1_61' title='bbox 1041 1862 1096 1927; x_wconf 86' lang='lat' dir='ltr'><strong>viri</strong></span> <span class='ocrx_word' id='word_1_62' title='bbox 1110 1861 1343 1949; x_wconf 79' lang='lat' dir='ltr'><strong>Agamemnonis,</strong></span> 
     </span>
     <span class='ocr_line' id='line_1_16' title="bbox 358 1968 789 2030; baseline 0.014 0"><span class='ocrx_word' id='word_1_63' title='bbox 358 1968 398 2030; x_wconf 88' lang='lat' dir='ltr'><strong>Et</strong></span> <span class='ocrx_word' id='word_1_64' title='bbox 413 1968 502 2030; x_wconf 86' lang='lat' dir='ltr'><strong>libere</strong></span> <span class='ocrx_word' id='word_1_65' title='bbox 778 1978 789 1984; x_wconf 73' lang='grc'>’</span> 
     </span>
     <span class='ocr_line' id='line_1_17' title="bbox 358 2054 805 2148; baseline 0 -18"><span class='ocrx_word' id='word_1_66' title='bbox 358 2068 399 2130; x_wconf 88' lang='lat' dir='ltr'><strong>Et</strong></span> <span class='ocrx_word' id='word_1_67' title='bbox 412 2054 582 2148; x_wconf 83' lang='lat' dir='ltr'><strong>⁶splendide</strong></span> <span class='ocrx_word' id='word_1_68' title='bbox 597 2069 694 2131; x_wconf 89' lang='lat' dir='ltr'><strong>videre</strong></span> <span class='ocrx_word' id='word_1_69' title='bbox 708 2067 805 2131; x_wconf 88' lang='lat' dir='ltr'><strong>charis</strong></span> 
     </span>
     <span class='ocr_line' id='line_1_18' title="bbox 360 2169 623 2233; baseline 0 0"><span class='ocrx_word' id='word_1_70' title='bbox 360 2169 469 2233; x_wconf 87' lang='lat' dir='ltr'>Oculis</span> <span class='ocrx_word' id='word_1_71' title='bbox 484 2171 623 2233; x_wconf 85' lang='lat' dir='ltr'><strong>obscuras</strong></span> 
     </span>
     <span class='ocr_line' id='line_1_19' title="bbox 358 2271 901 2356; baseline -0.002 -21"><span class='ocrx_word' id='word_1_72' title='bbox 358 2271 509 2335; x_wconf 76' lang='lat' dir='ltr'><strong>Latebras.</strong></span> <span class='ocrx_word' id='word_1_73' title='bbox 554 2273 727 2354; x_wconf 88' lang='lat' dir='ltr'><strong>Opituletur</strong></span> <span class='ocrx_word' id='word_1_74' title='bbox 741 2294 812 2336; x_wconf 90' lang='lat' dir='ltr'><strong>vero</strong></span> <span class='ocrx_word' id='word_1_75' title='bbox 821 2272 901 2356; x_wconf 85' lang='lat' dir='ltr'><strong>juste</strong></span> 
     </span>
     <span class='ocr_line' id='line_1_20' title="bbox 358 2371 790 2436; baseline 0.002 -2"><span class='ocrx_word' id='word_1_76' title='bbox 358 2371 450 2434; x_wconf 82' lang='lat' dir='ltr'><strong>Filius</strong></span> <span class='ocrx_word' id='word_1_77' title='bbox 464 2372 558 2435; x_wconf 90' lang='lat' dir='ltr'><strong>Maiae</strong></span> <span class='ocrx_word' id='word_1_78' title='bbox 572 2372 790 2436; x_wconf 86' lang='lat' dir='ltr'><strong>faventissimus</strong></span> 
     </span>
     <span class='ocr_line' id='line_1_21' title="bbox 358 2471 866 2555; baseline 0.004 -23"><span class='ocrx_word' id='word_1_79' title='bbox 358 2471 484 2533; x_wconf 82' lang='lat' dir='ltr'><strong>Factum</strong></span> <span class='ocrx_word' id='word_1_80' title='bbox 499 2494 672 2555; x_wconf 89' lang='lat' dir='ltr'><strong>prosperum</strong></span> <span class='ocrx_word' id='word_1_81' title='bbox 687 2472 866 2535; x_wconf 86' lang='lat' dir='ltr'><strong>concedens.</strong></span> 
     </span>
     <span class='ocr_line' id='line_1_22' title="bbox 361 2572 824 2650; baseline 0.006 -16"><span class='ocrx_word' id='word_1_82' title='bbox 361 2572 564 2636; x_wconf 88' lang='lat' dir='ltr'><strong>Multaetiam</strong></span> <span class='ocrx_word' id='word_1_83' title='bbox 579 2575 636 2636; x_wconf 87' lang='lat' dir='ltr'><strong>alia</strong></span> <span class='ocrx_word' id='word_1_84' title='bbox 652 2574 824 2650; x_wconf 57' lang='lat' dir='ltr'><strong>’revelabib</strong></span> 
     </span>
     <span class='ocr_line' id='line_1_23' title="bbox 359 2666 1181 2758; baseline 0.004 -21"><span class='ocrx_word' id='word_1_85' title='bbox 359 2674 502 2737; x_wconf 82' lang='lat' dir='ltr'><strong>Occulta.</strong></span> <span class='ocrx_word' id='word_1_86' title='bbox 547 2672 648 2756; x_wconf 86' lang='lat' dir='ltr'><strong>Captu</strong></span> <span class='ocrx_word' id='word_1_87' title='bbox 661 2698 732 2738; x_wconf 88' lang='lat' dir='ltr'><strong>vero</strong></span> <span class='ocrx_word' id='word_1_88' title='bbox 747 2666 865 2738; x_wconf 87' lang='lat' dir='ltr'><strong>difficile</strong></span> <span class='ocrx_word' id='word_1_89' title='bbox 880 2677 1004 2739; x_wconf 90' lang='lat' dir='ltr'><strong>verbum</strong></span> <span class='ocrx_word' id='word_1_90' title='bbox 1020 2676 1181 2758; x_wconf 86' lang='lat' dir='ltr'><strong>profereus,</strong></span> 
     </span>
     <span class='ocr_line' id='line_1_24' title="bbox 358 2779 1378 2865; baseline 0.008 -26"><span class='ocrx_word' id='word_1_91' title='bbox 358 2779 493 2841; x_wconf 86' lang='lat' dir='ltr'><strong>Noctem</strong></span> <span class='ocrx_word' id='word_1_92' title='bbox 508 2796 537 2842; x_wconf 89' lang='lat' dir='ltr'><strong>et</strong></span> <span class='ocrx_word' id='word_1_93' title='bbox 552 2783 685 2842; x_wconf 85' lang='lat' dir='ltr'><strong>tenebras</strong></span> <span class='ocrx_word' id='word_1_94' title='bbox 699 2796 768 2843; x_wconf 90' lang='lat' dir='ltr'><strong>ante</strong></span> <span class='ocrx_word' id='word_1_95' title='bbox 784 2781 888 2843; x_wconf 92' lang='lat' dir='ltr'><strong>oculos</strong></span> <span class='ocrx_word' id='word_1_96' title='bbox 902 2780 1030 2862; x_wconf 80' lang='lat' dir='ltr'><strong>praefert,</strong></span> <span class='ocrx_word' id='word_1_97' title='bbox 1265 2854 1266 2857; x_wconf 8' lang='grc' dir='ltr'><strong>Ἴ</strong></span> <span class='ocrx_word' id='word_1_98' title='bbox 1316 2780 1378 2865; x_wconf 81' lang='lat'><strong>815</strong></span> 
     </span>
     <span class='ocr_line' id='line_1_25' title="bbox 359 2879 889 2947; baseline 0.009 -5"><span class='ocrx_word' id='word_1_99' title='bbox 359 2879 489 2944; x_wconf 83' lang='lat' dir='ltr'><strong>Interdiu</strong></span> <span class='ocrx_word' id='word_1_100' title='bbox 506 2884 594 2946; x_wconf 87' lang='lat' dir='ltr'><strong>etiam</strong></span> <span class='ocrx_word' id='word_1_101' title='bbox 609 2884 682 2946; x_wconf 87' lang='lat' dir='ltr'><strong>nihil</strong></span> <span class='ocrx_word' id='word_1_102' title='bbox 697 2883 889 2947; x_wconf 84' lang='lat' dir='ltr'><strong>manifestior.</strong></span> 
     </span>
     <span class='ocr_line' id='line_1_26' title="bbox 360 2982 751 3067; baseline 0.008 -23"><span class='ocrx_word' id='word_1_103' title='bbox 360 2982 399 3045; x_wconf 86' lang='lat' dir='ltr'><strong>Et</strong></span> <span class='ocrx_word' id='word_1_104' title='bbox 414 2999 486 3045; x_wconf 90' lang='lat' dir='ltr'><strong>tunc</strong></span> <span class='ocrx_word' id='word_1_105' title='bbox 500 2985 621 3067; x_wconf 89' lang='lat' dir='ltr'><strong>quidem</strong></span> <span class='ocrx_word' id='word_1_106' title='bbox 637 2985 751 3047; x_wconf 87' lang='lat' dir='ltr'><strong>divitias</strong></span> 
     </span>
     <span class='ocr_line' id='line_1_27' title="bbox 361 3085 764 3167; baseline 0.01 -19"><span class='ocrx_word' id='word_1_107' title='bbox 361 3085 486 3148; x_wconf 83' lang='lat' dir='ltr'><strong>AEdium</strong></span> <span class='ocrx_word' id='word_1_108' title='bbox 502 3086 616 3162; x_wconf 80' lang='lat' dir='ltr'><strong>liberae,</strong></span> <span class='ocrx_word' id='word_1_109' title='bbox 759 3161 764 3167; x_wconf 39' lang='grc'>,</span> 
     </span>
     <span class='ocr_line' id='line_1_28' title="bbox 361 3184 747 3263; baseline 0.008 -17"><span class='ocrx_word' id='word_1_110' title='bbox 361 3184 563 3262; x_wconf 70' lang='lat' dir='ltr'><strong>Femineum,</strong></span> <span class='ocrx_word' id='word_1_111' title='bbox 587 3188 747 3263; x_wconf 88' lang='lat' dir='ltr'><strong>intensum,</strong></span> 
     </span>
     <span class='ocr_line' id='line_1_29' title="bbox 361 3284 780 3352; baseline 0.01 -5"><span class='ocrx_word' id='word_1_112' title='bbox 361 3284 456 3347; x_wconf 89' lang='lat' dir='ltr'><strong>Simul</strong></span> <span class='ocrx_word' id='word_1_113' title='bbox 471 3286 625 3349; x_wconf 88' lang='lat' dir='ltr'><strong>stridulum</strong></span> <span class='ocrx_word' id='word_1_114' title='bbox 641 3289 780 3352; x_wconf 87' lang='lat' dir='ltr'><strong>dolorum</strong></span> 
     </span>
     <span class='ocr_line' id='line_1_30' title="bbox 361 3384 693 3451; baseline 0.003 -1"><span class='ocrx_word' id='word_1_115' title='bbox 361 3384 496 3450; x_wconf 85' lang='lat' dir='ltr'><strong>Cautum</strong></span> <span class='ocrx_word' id='word_1_116' title='bbox 512 3388 693 3451; x_wconf 87' lang='lat' dir='ltr'><strong>dimittemus</strong></span> 
     </span>
     <span class='ocr_line' id='line_1_31' title="bbox 359 3487 995 3569; baseline 0.002 -18"><span class='ocrx_word' id='word_1_117' title='bbox 359 3487 449 3551; x_wconf 86' lang='lat' dir='ltr'><strong>Urbi.</strong></span> <span class='ocrx_word' id='word_1_118' title='bbox 495 3489 577 3569; x_wconf 87' lang='lat' dir='ltr'><strong>Quae</strong></span> <span class='ocrx_word' id='word_1_119' title='bbox 592 3505 691 3553; x_wconf 89' lang='lat' dir='ltr'><strong>autem</strong></span> <span class='ocrx_word' id='word_1_120' title='bbox 706 3489 830 3554; x_wconf 84' lang='lat' dir='ltr'><strong>feliciter</strong></span> <span class='ocrx_word' id='word_1_121' title='bbox 844 3489 995 3569; x_wconf 84' lang='lat' dir='ltr'><strong>eveniunt²</strong></span> 
     </span>
     <span class='ocr_line' id='line_1_32' title="bbox 361 3591 962 3666; baseline 0.008 -15"><span class='ocrx_word' id='word_1_122' title='bbox 361 3591 482 3666; x_wconf 89' lang='lat' dir='ltr'><strong>Meum,</strong></span> <span class='ocrx_word' id='word_1_123' title='bbox 498 3613 600 3654; x_wconf 89' lang='lat' dir='ltr'><strong>meum</strong></span> <span class='ocrx_word' id='word_1_124' title='bbox 613 3592 673 3654; x_wconf 87' lang='lat' dir='ltr'><strong>hoc</strong></span> <span class='ocrx_word' id='word_1_125' title='bbox 688 3593 743 3655; x_wconf 89' lang='lat' dir='ltr'><strong>erit</strong></span> <span class='ocrx_word' id='word_1_126' title='bbox 756 3593 889 3656; x_wconf 86' lang='lat' dir='ltr'><strong>lucrum:</strong></span> <span class='ocrx_word' id='word_1_127' title='bbox 957 3644 962 3655; x_wconf 92' lang='lat'>.</span> 
     </span>
     <span class='ocr_line' id='line_1_33' title="bbox 297 3689 971 3778; baseline 0.016 -32"><span class='ocrx_word' id='word_1_128' title='bbox 297 3732 312 3746; x_wconf 52' lang='lat' dir='ltr'><strong>s</strong></span> <span class='ocrx_word' id='word_1_129' title='bbox 360 3689 505 3754; x_wconf 84' lang='lat' dir='ltr'><strong>Vindicta</strong></span> <span class='ocrx_word' id='word_1_130' title='bbox 519 3715 590 3755; x_wconf 85' lang='lat' dir='ltr'><strong>vero</strong></span> <span class='ocrx_word' id='word_1_131' title='bbox 605 3692 696 3778; x_wconf 85' lang='lat' dir='ltr'><strong>longe</strong></span> <span class='ocrx_word' id='word_1_132' title='bbox 711 3696 793 3756; x_wconf 87' lang='lat' dir='ltr'><strong>abest</strong></span> <span class='ocrx_word' id='word_1_133' title='bbox 807 3696 844 3756; x_wconf 91' lang='lat' dir='ltr'><strong>ab</strong></span> <span class='ocrx_word' id='word_1_134' title='bbox 858 3693 971 3757; x_wconf 86' lang='lat' dir='ltr'><strong>amicis.</strong></span> 
     </span>
    </p>
   </div>
   <div class='ocr_carea' id='block_1_5' title="bbox 361 3790 925 3972">
    <p class='ocr_par' dir='ltr' id='par_1_9' title="bbox 361 3790 925 3972">
     <span class='ocr_line' id='line_1_34' title="bbox 361 3790 925 3870; baseline 0.005 -17"><span class='ocrx_word' id='word_1_135' title='bbox 361 3790 414 3853; x_wconf 91' lang='lat' dir='ltr'><strong>Tu</strong></span> <span class='ocrx_word' id='word_1_136' title='bbox 428 3806 527 3855; x_wconf 87' lang='lat' dir='ltr'><strong>autem</strong></span> <span class='ocrx_word' id='word_1_137' title='bbox 543 3792 673 3870; x_wconf 87' lang='lat' dir='ltr'><strong>confide,</strong></span> <span class='ocrx_word' id='word_1_138' title='bbox 689 3816 762 3857; x_wconf 88' lang='lat' dir='ltr'><strong>cum</strong></span> <span class='ocrx_word' id='word_1_139' title='bbox 775 3790 925 3858; x_wconf 88' lang='lat' dir='ltr'><strong>advenerit</strong></span> 
     </span>
     <span class='ocr_line' id='line_1_35' title="bbox 363 3889 556 3972; baseline 0.01 -20"><span class='ocrx_word' id='word_1_140' title='bbox 363 3889 434 3953; x_wconf 87' lang='lat' dir='ltr'><strong>Pars</strong></span> <span class='ocrx_word' id='word_1_141' title='bbox 450 3893 556 3972; x_wconf 89' lang='lat' dir='ltr'><strong>operis,</strong></span> 
     </span>
    </p>
   </div>
   <div class='ocr_carea' id='block_1_6' title="bbox 343 3990 842 4181">
    <p class='ocr_par' dir='ltr' id='par_1_10' title="bbox 343 3990 842 4181">
     <span class='ocr_line' id='line_1_36' title="bbox 361 3990 842 4076; baseline 0.006 -21"><span class='ocrx_word' id='word_1_142' title='bbox 361 3990 531 4055; x_wconf 76' lang='lat' dir='ltr'><strong>inclamans</strong></span> <span class='ocrx_word' id='word_1_143' title='bbox 545 3991 661 4057; x_wconf 85' lang='lat' dir='ltr'><strong>facinus</strong></span> <span class='ocrx_word' id='word_1_144' title='bbox 674 3994 703 4057; x_wconf 86' lang='lat' dir='ltr'><strong>iu</strong></span> <span class='ocrx_word' id='word_1_145' title='bbox 717 4007 842 4076; x_wconf 87' lang='lat' dir='ltr'><strong>patrem,</strong></span> 
     </span>
     <span class='ocr_line' id='line_1_37' title="bbox 343 4090 577 4181; baseline 0.004 -24"><span class='ocrx_word' id='word_1_146' title='bbox 343 4090 577 4181; x_wconf 74' lang='lat' dir='ltr'><strong>8Ingemiscenti</strong></span> 
     </span>
    </p>
   </div>
   <div class='ocr_carea' id='block_1_7' title="bbox 230 4266 1186 4466">
    <p class='ocr_par' dir='ltr' id='par_1_11' title="bbox 230 4266 1186 4466">
     <span class='ocr_line' id='line_1_38' title="bbox 231 4266 1186 4347; baseline 0.005 -15"><span class='ocrx_word' id='word_1_147' title='bbox 231 4271 242 4303; x_wconf 82' lang='lat'>⁶</span> <span class='ocrx_word' id='word_1_148' title='bbox 261 4266 326 4334; x_wconf 80' lang='lat' dir='ltr'><strong>MS.</strong></span> <span class='ocrx_word' id='word_1_149' title='bbox 346 4272 442 4338; x_wconf 88' lang='lat' dir='ltr'><strong>Clare.</strong></span> <span class='ocrx_word' id='word_1_150' title='bbox 798 4283 809 4317; x_wconf 81' lang='lat'>⁷</span> <span class='ocrx_word' id='word_1_151' title='bbox 829 4277 892 4338; x_wconf 87' lang='lat' dir='ltr'><strong>MS.</strong></span> <span class='ocrx_word' id='word_1_152' title='bbox 913 4274 1061 4336; x_wconf 82' lang='lat' dir='ltr'><strong>Revelabit</strong></span> <span class='ocrx_word' id='word_1_153' title='bbox 1079 4275 1186 4347; x_wconf 75' lang='lat' dir='ltr'><strong>volens,</strong></span> 
     </span>
     <span class='ocr_line' id='line_1_39' title="bbox 230 4380 816 4466; baseline 0.012 -25"><span class='ocrx_word' id='word_1_154' title='bbox 230 4380 242 4412; x_wconf 82' lang='lat'><strong>¹</strong></span> <span class='ocrx_word' id='word_1_155' title='bbox 260 4384 325 4444; x_wconf 86' lang='lat' dir='ltr'><strong>MS.</strong></span> <span class='ocrx_word' id='word_1_156' title='bbox 346 4382 550 4463; x_wconf 79' lang='lat' dir='ltr'><strong>ingemiscenti</strong></span> <span class='ocrx_word' id='word_1_157' title='bbox 563 4409 599 4449; x_wconf 80' lang='lat' dir='ltr'><strong>sc.</strong></span> <span class='ocrx_word' id='word_1_158' title='bbox 616 4384 816 4466; x_wconf 78' lang='lat' dir='ltr'><strong>Clytemnestrae.</strong></span> 
     </span>
    </p>
   </div>
   <div class='ocr_carea' id='block_1_8' title="bbox 0 0 1471 4936">
    <p class='ocr_par' dir='ltr' id='par_1_12' title="bbox 0 0 1471 4936">
     <span class='ocr_line' id='line_1_40' title="bbox 0 0 1471 4936; baseline 0 0"><span class='ocrx_word' id='word_1_159' title='bbox 0 0 1471 4936; x_wconf 95' lang='lat' dir='ltr'><strong> </strong></span> 
     </span>
    </p>
   </div>
  </div>
 </body>
</html>
