2992 4942
193 342 255 423 ite
533 349 596 417 IN
633 344 1047 416 GHOEPHORAS

187 524 352 593 superesse
382 502 485 603 putet.
531 503 563 569 0
580 503 646 590 fit,
678 513 810 570 mentem
833 499 972 592 defuncti
998 522 1061 566 uon
1086 499 1191 566 domat
1224 466 1376 578 flammae,

186 592 420 677 quaradaves
443 613 513 677 eJus
534 592 570 656 in
596 612 677 678 rogo
704 591 856 667 absumit,
888 609 987 655 vorat
1011 586 1115 653 mala:
1143 599 1250 674 postea
1276 587 1378 674 potira

183 678 297 742 'anima
332 677 474 742 hominis
508 678 610 743 occisi
638 679 702 743 irus
730 675 918 764 mumfertut.
981 672 1126 763 Lugetttr
1150 673 1232 739 enim
1261 674 1379 753 masur,

186 763 410 852 manifestatur
429 764 484 852 qui
505 785 575 828 euru
596 762 683 828 lesit.
729 762 841 829 Justus
854 769 959 826 autem
975 754 1074 827 luctus
1108 773 1214 825 atrum
1225 771 1381 833 neutram

186 871 246 938 que
259 870 351 915 causa
365 860 514 935 susceptis
529 848 632 916 omniu
645 850 810 938 investigat
825 845 959 934 undique
968 783 1179 934 pmtnrdutus.
1218 847 1384 912 Scuurz,

185 935 330 1022 'Corpori
364 937 467 1016 sttruos,
500 958 628 1001 suarum
656 957 762 1002 rerum
786 935 964 1012 conscium,
997 955 1163 1021 superesse
1191 934 1384 999 credebant.

188 1022 370 1109 Purgatum
391 1019 481 1102 illud,
503 1023 655 1088 revolutis
671 1022 822 1110 periodis,
845 1023 879 1086 in
894 1022 964 1087 dias
978 1018 1109 1086 luminis
1124 1040 1216 1085 auras
1230 1019 1385 1107 separari,

188 1107 349 1174 ulterioris
373 1107 552 1197 disciplina
578 1121 658 1186 erat,
692 1121 726 1174 et
754 1106 894 1208 simplici
924 1104 1103 1194 primorum
1131 1104 1312 1172 traditione
1338 1127 1386 1171 rea

189 1194 325 1272 centius,
355 1194 597 1260 meditationem
629 1196 725 1283 sapit.
780 1194 832 1260 lllr
856 1206 978 1260 cuncta
1001 1207 1129 1259 terrena
1154 1206 1260 1258 morte
1292 1207 1386 1257 tenus

120 1348 128 1356 ,
187 1281 287 1347 linem
298 1280 484 1362 habebant;
499 1282 692 1347 credebatur
707 1302 871 1369 superesse
885 1301 997 1358 mens3
1011 1280 1186 1366 promerita
1196 1294 1388 1365 sequantur,

190 1367 242 1434 vel
274 1365 347 1431 Deo
375 1365 534 1446 illabatur,
567 1369 621 1433 illa
646 1368 688 1433 de
713 1389 748 1433 re
774 1367 865 1432 dubii
888 1379 990 1431 erant.
1047 1365 1119 1431 Nos
1148 1365 1290 1430 uberiori
1322 1366 1387 1430 dis-

189 1451 359 1540 quisitioni
373 1450 459 1519 hanc
474 1452 642 1521 historiam
658 1475 833 1520 servamus.
876 1453 933 1518 lo.
949 1452 1128 1517 Mutuus.

136 1610 142 1621 ,,
233 1548 264 1607 t.
281 1547 358 1610 337.
379 1556 555 1606 narrans
579 1557 624 1606 nn
648 1556 713 1604 nrm
738 1556 945 1605 renourou.
1001 1538 1075 1604 Nisi
1100 1539 1211 1603 aaran·
1240 1536 1388 1626 enallage

162 1638 166 1643 ·
192 1625 321 1713 generis
351 1647 412 1724 pro
438 1636 543 1711 μητίςυι
564 1651 590 1692 s.
612 1636 719 1692 aratam
744 1626 888 1715 positum
911 1646 980 1690 esse
1005 1624 1094 1704 velis,
1125 1623 1239 1695 licebit
1262 1624 1313 1689 sic
1338 1624 1388 1688 in·
1414 1682 1417 1691 .

190 1725 383 1799 terpretar13
408 1724 539 1797 patrum
561 1726 596 1778 et
614 1714 749 1778 omniuo
766 1721 947 1799 parentum,
978 1711 1065 1798 quod
1092 1732 1221 1775 sensum
1245 1711 1393 1777 eundern

192 1797 262 1867 fere
278 1799 401 1885 prebet
414 1821 453 1864 ae
469 1799 497 1863 si
504 1811 635 1886 patrum
649 1809 681 1865 et
693 1811 828 1865 matrum
844 1798 989 1864 dixisset.
1015 1858 1017 1862 ⁴
1036 1797 1198 1862 Scerurz.
1397 1857 1402 1867 .

236 1896 267 1960 r.
282 1892 356 1950 333.
380 1900 592 1951 auornrous
613 1900 829 1952 rseaxonrr.
873 1883 1038 1965 Ἀμφιλωφὶς
1059 1897 1109 1951 est
1129 1883 1217 1971 apud
1239 1895 1389 1948 nostrum

193 1969 719 2058 Agamem.r.1oat.atuutam
743 1972 890 2058 copiosus,
918 1969 1099 2046 immemutr
1126 1969 1217 2057 apud
1247 1966 1390 2037 Theocr.

194 2056 280 2142 ldyl.
298 2055 432 2122 XXIV.
457 2058 511 2123 46.
542 2073 593 2123 est
621 2058 751 2146 amplus,
784 2058 932 2145 spatiosus
960 2056 993 2121 h.
1021 2055 1043 2121 l.
1074 2055 1174 2144 igitur
1195 2055 1390 2146 perfundere,

190 2143 407 2233 gravissimum
441 2144 498 2208 sed
531 2166 606 2209 curn
634 2145 748 2210 melius
778 2144 875 2209 fuerit
908 2141 1107 2228 adjectivum
1138 2164 1198 2242 pro
1231 2143 1391 2208 adverbio

194 2229 355 2316 accipere,
371 2229 451 2292 verti
468 2229 580 2317 possit,
596 2229 706 2296 Justns
716 2230 815 2297 luctus
822 2240 953 2318 patrum
962 2227 1391 2295 matrumvernterfectorum

193 2336 286 2382 mutu
301 2324 460 2401 susceptus,
482 2317 585 2380 omniu
597 2312 795 2407 peruatigut,
818 2319 850 2380 in
866 2317 964 2381 caedis
978 2329 1127 2381 auctores
1141 2314 1392 2402 diligentissime
1475 2368 1476 2391 .

194 2401 341 2489 inquirit,
360 2400 541 2489 gravissime
554 2404 714 2469 excitatur.
759 2403 794 2468 S.
809 2403 971 2470 Burnus.

137 2490 147 2502 '
240 2501 270 2564 t.
287 2496 362 2553 330.
385 2505 436 2553 ert
460 2504 580 2555 Meert.
632 2486 797 2570 Vicissim,
818 2504 851 2555 et
876 2489 967 2574 quasi
993 2489 1026 2551 δι’
1041 2486 1189 2570 ἐμβαίη,
1220 2485 1277 2553 hic
1305 2488 1392 2553 eninr

196 2573 325 2641 Electra
344 2596 401 2640 sua
424 2574 495 2639 vice
511 2574 659 2642 threnum
680 2576 826 2665 suscipit.
872 2575 906 2641 S.
922 2572 1087 2640 Burnus.

239 2673 270 2738 r.
287 2668 362 2728 334.
382 2678 529 2726 unsrun
561 2678 744 2729 araurem
780 2673 943 2728 omasus
976 2670 1013 2725 o’
1036 2674 1190 2725 onorat.
1232 2659 1334 2732 ‘utta
1362 2672 1394 2724 et

196 2749 316 2831 Μίδας
337 2747 424 2811 baud
451 2747 499 2812 sic
522 2749 662 2836 accipio,
684 2766 720 2816 ut
743 2748 820 2814 illud
844 2748 885 2812 ad
910 2745 1083 2825 Electram,
1105 2745 1169 2813 hoc
1184 2744 1226 2809 ad
1243 2744 1393 2812 Orestem

199 2834 370 2924 pertineat.
416 2833 559 2921 Uterque
575 2839 683 2923 potius
705 2851 844 2922 utroque
858 2849 892 2899 et
907 2832 1061 2922 supplicis
1075 2845 1110 2897 et
1122 2831 1244 2897 exsulis
1258 2834 1393 2898 nomine

199 2921 397 3008 designatur.
442 2919 603 2987 Scnurz.

240 3014 359 3084 3333.
391 3021 442 3070 sn
473 3023 619 3073 nouus.
676 3008 754 3073 S'eil.
777 3018 870 3089 mara
899 3008 1056 3071 etaiam
1078 3005 1282 3088 anaqam.
1339 3001 1391 3070 Cl.

199 3097 229 3165 r.
245 3101 322 3168 933.
340 3103 375 3157 et
389 3112 477 3178 seqq.
501 3104 532 3168 rt.
548 3102 624 3168 943.
638 3107 672 3160 et
686 3116 776 3182 seqq.
821 3092 988 3181 Scnurz,

242 3178 330 3243 lbid.
353 3194 520 3245 xrurznu.
555 3181 656 3261 rigidas
680 3202 723 3246 err
748 3193 859 3245 mente
880 3178 992 3244 Schol.
1013 3200 1072 3266 pro
1086 3177 1236 3262 memb·
1275 3176 1394 3261 unitur,

197 3286 256 3352 pro
279 3285 345 3349 quo
366 3283 438 3343 usu,
460 3285 502 3328 ne
522 3249 654 3332 maneat
676 3266 804 3346 dubius,
828 3266 902 3331 vide
952 3286 1059 3351 noque
1081 3261 1184 3351 Soph.
1259 3264 1292 3328 d.
1321 3262 1393 3331 Col.

199 3364 231 3428 r.
245 3358 340 3423 1490.
360 3349 406 3413 ibi
423 3347 533 3414 Schol.
549 3349 661 3440 Eurip.
679 3352 756 3419 Hel.
772 3366 803 3429 r.
814 3360 891 3420 533.
906 3287 949 3421 ad
962 3373 1037 3417 eum
1051 3350 1184 3416 Barnea.
1200 3360 1235 3413 et
1251 3349 1394 3437 Etymol.

200 3440 234 3503 in
259 3458 342 3501 voce
367 3436 452 3518 χςῆζυ
477 3448 511 3501 et
538 3442 644 3522 χςηής.
677 3439 870 3504 Asueserr.
923 3438 1037 3504 Minus
1071 3449 1181 3502 tamen
1213 3446 1305 3502 recte
1338 3458 1395 3524 pro

200 3526 350 3611 mauult·
371 3519 405 3588 h.
421 3521 441 3586 l.
465 3522 712 3611 accipit-etiam
738 3524 870 3591 Scbntz.
895 3521 1088 3590 uertendum
1111 3523 1198 3587 enim
1212 3523 1238 3587 si
1252 3522 1396 3602 nouerit,

135 3639 138 3643 ²
201 3610 290 3696 quod
311 3621 346 3673 et
368 3607 445 3673 olim
467 3607 549 3675 vidit
573 3610 745 3678 Stauleius.
790 3610 954 3701 Interpres
976 3609 1101 3690 Gallus,
1124 3606 1185 3690 Lea
1206 3607 1311 3690 tusa,
1341 3608 1397 3675 s’ilt

201 3694 384 3763 devenient.
429 3693 465 3758 S.
483 3695 642 3763 Burcnn.
1275 3719 1280 3725 ·

244 3795 275 3858 r.
290 3789 366 3855 339.
389 3795 579 3849 sermore
601 3796 927 3851 eroaorrornrorr.
978 3782 1070 3848 Bene
1096 3782 1205 3849 rmus
1229 3793 1280 3845 est
1310 3782 1396 3847 enim

201 3868 274 3935 haec
306 3888 372 3932 vox
403 3865 471 3932 laeti
505 3869 635 3950 ominis,
670 3891 711 3934 ao
747 3873 889 3958 primurn
919 3870 1004 3935 forte
1042 3869 1230 3933 venantium
1256 3869 1398 3956 propria,

201 3964 358 4034 antam,
391 3954 506 4019 transit
532 3955 650 4021 deinde
675 3956 717 4020 ad
743 3970 937 4043 pugnantes,
973 3970 1008 4022 et
1037 3955 1085 4020 sic
1112 3952 1328 4021 adiacentes
1366 3966 1400 4019 et

199 4041 405 4111 accamanus
419 4040 453 4104 in
469 4063 503 4104 re
518 4040 663 4127 qualibet
678 4040 843 4109 dilabitur.
887 4043 921 4108 S.
939 4041 1106 4107 Burrus.
1207 4044 1211 4051 '

201 4166 210 4175 -
244 4139 275 4204 r.
291 4134 368 4193 343.
403 4141 602 4193 nauseans
634 4142 759 4195 elnon.
817 4127 911 4195 Nihil
950 4128 1037 4194 aliud
1076 4125 1132 4192 hic
1164 4137 1260 4191 notat
1299 4147 1398 4214 qaam

200 4224 361 4291 ementem,
383 4233 506 4293 nucum,
529 4213 562 4279 h.
586 4237 616 4282 e.
639 4235 740 4300 nuper
766 4213 826 4280 buc
849 4213 1171 4292 adremuneraretur,
1191 4226 1248 4279 seu
1263 4223 1301 4279 ut
1318 4215 1398 4278 bene

200 4300 301 4365 vertit
321 4298 487 4384 interpres
502 4299 659 4382 Gallicus,
673 4297 792 4388 afrire
807 4301 862 4386 qui
875 4322 952 4367 uorts
966 4301 1089 4390 reiciat.
1113 4298 1250 4365 Phrasin
1264 4296 1400 4365 illustrat

205 4386 369 4452 Porsonus
393 4385 436 4451 ad
463 4384 541 4452 Euri
568 4433 577 4453 .
603 4386 698 4452 Med.
726 4394 757 4458 r.
775 4394 850 4453 138.
871 4409 915 4452 ex
939 4387 1087 4475 ejusdem
1113 4384 1250 4475 Hippol.
1275 4396 1308 4461 r.
1322 4385 1396 4453 356.

203 4480 291 4547 θαλίας
312 4474 502 4553 ἀνακίρνασθαι.
585 4473 677 4542 erud.
694 4471 753 4540 lV.
772 4476 845 4542 153.
868 4478 954 4559 pala·
967 4476 1157 4558 aasabim
1178 4484 1215 4540 et
1229 4468 1311 4539 v11.
1329 4480 1397 4540 131.
