2992 4942
210 354 291 423 160.
541 349 605 419 IN
639 344 1060 418 CHOEPHORAS

204 523 437 584 strenuam
467 513 593 590 ινςννοννν
629 507 694 586 hic,
711 519 789 586 est,
820 503 962 570 minister
989 524 1084 582 suen,
1116 501 1329 584 anteambulo,
1348 498 1396 568 rai

199 595 312 682 primm
336 593 499 659 ministerii
523 605 654 680 partus:
687 591 832 679 Hesych.
864 603 997 674 setena·
1026 593 1140 672 ardena,
1161 598 1304 671 vesperas.
1347 592 1395 653 ra

202 690 310 762 pestem
331 684 376 745 tul
400 692 515 761 sugente
532 698 620 746 recte
636 679 745 757 Schol.
762 681 804 744 de
821 679 959 746 Plutone
974 691 1008 740 et
1024 676 1216 765 Proserpina
1231 676 1394 766 explicat:

205 766 324 833 Honor
347 766 381 830 in
411 788 500 847 orco,
535 781 573 832 ut
598 767 652 832 hic
683 768 718 832 in
750 780 853 832 terra:
890 764 963 828 Rex
1002 762 1049 826 ibi
1084 762 1315 849 Agamemnon
1335 761 1400 848 qui

205 872 280 919 ante
314 875 406 940 reges
436 854 516 917 alios
541 855 653 918 aderat
680 852 813 919 Plutoni
840 866 872 917 et
909 849 1133 936 Proserpinae:
1172 849 1295 936 primus
1326 862 1400 936 post

204 939 379 1005 Plutonem
402 952 436 1003 et
463 941 689 1027 Proserpinam
714 954 781 1004 erat
807 937 1035 1027 Agamemnon
1060 950 1093 1000 et
1117 935 1265 1001 minister
1286 956 1398 1001 eorum

205 1027 375 1112 princeps:
410 1026 449 1090 ad
478 1026 740 1125 superstitionem
770 1026 978 1112 antiquorum
1004 1021 1070 1087 boc
1093 1022 1235 1108 pertinet
1263 1022 1306 1086 de
1337 1043 1400 1107 qua

205 1110 361 1179 Comicus
382 1112 415 1177 in
441 1112 541 1179 Ranrs
567 1112 679 1185 multa.
713 1114 842 1177 Paua.
896 1110 978 1175 Hac
1010 1122 1099 1173 arcte
1125 1107 1293 1173 coherent
1323 1129 1398 1173 cum

203 1200 412 1286 sequentibus
433 1206 533 1282 melpsa
557 1202 651 1282 saxa„
673 1219 776 1266 nan
822 1198 934 1284 Fingit
955 1195 1025 1276 scil.
1042 1194 1104 1259 sibi
1121 1193 1251 1263 Electra
1271 1207 1398 1281 putrem

204 1308 297 1352 suurn
320 1285 603 1373 Agamemnonem
630 1287 656 1350 si
678 1287 739 1355 sab
765 1284 829 1350 llio
851 1283 1024 1350 cecidisset
1051 1281 1086 1345 in
1116 1280 1227 1368 praelio
1256 1282 1398 1347 eundem

203 1372 429 1460 magistratum
453 1389 488 1436 et
510 1372 704 1459 dignitatem
720 1372 807 1458 apud
823 1370 943 1436 inferos
958 1369 1056 1434 fuisse
1070 1367 1264 1454 adepturum
1280 1368 1400 1453 quibus

198 1458 269 1543 jam
295 1459 390 1545 potiti
416 1471 508 1523 erant
533 1458 648 1525 Minos
670 1457 950 1536 Rhadamanthus,
971 1454 1103 1534 AEacua
1126 1454 1186 1542 ipsi
1201 1455 1302 1519 etiam
1319 1455 1400 1519 olim

204 1545 282 1609 dum
318 1546 352 1608 in
386 1545 466 1610 vivis
499 1545 627 1611 fuerant
665 1568 768 1633 reges.
832 1551 941 1628 Μάξιμον
969 1544 1055 1623 λάχη
1083 1540 1246 1628 significat
1286 1552 1399 1606 sortem

202 1632 363 1717 sumulque
396 1654 415 1696 u
431 1629 517 1720 fatis
541 1631 704 1697 decretum.
727 1631 873 1697 Hnsrn.
929 1627 1054 1693 Mirum
1081 1644 1130 1693 est
1153 1639 1316 1714 quantum
1346 1625 1398 1693 hic

203 1741 225 1782 a
254 1740 331 1782 vero
364 1734 468 1802 poetae
498 1719 636 1784 consilio
669 1719 830 1783 aberravit
867 1715 1038 1793 Heathius,
1075 1715 1129 1778 cui
1158 1714 1223 1780 hoc
1254 1713 1399 1779 maxime

203 1803 304 1869 illusit
325 1806 412 1889 quod
446 1826 512 1869 nou
534 1805 626 1870 videt
649 1804 826 1892 ellipticanr
848 1824 916 1867 esse
942 1801 1086 1867 formam
1105 1802 1138 1868 in
1156 1804 1399 1873 manle-ete-

203 1893 295 1957 λοίντννν
325 1913 384 1989 pro
411 1895 532 1960 Βασνλνῦς
558 1903 604 1955 ’νῦν
629 1898 752 1960 Bembina
777 1893 938 1954 νννπλοῖντννν.
995 1888 1111 1972 ltaque
1142 1888 1176 1951 ln
1201 1888 1253 1951 his
1291 1888 1399 1952 verbis

202 1977 391 2065 gravissima
411 1990 445 2041 et
467 1977 725 2064 splendidissima
745 1977 813 2041 laus
828 1993 877 2041 est
901 1974 1154 2061 Agamemnonis
1177 1996 1250 2060 quae
1265 1995 1398 2039 causam

202 2063 298 2129 simul
324 2063 420 2128 affert
444 2086 503 2129 cur
527 2064 625 2129 etiarn
661 2063 748 2150 apud
778 2063 898 2129 inferos
929 2063 963 2125 in
989 2082 1116 2127 summa
1140 2061 1340 2126 auctoritate
1368 2076 1401 2139 et

202 2149 306 2236 gloria
328 2162 481 2215 versetur.
526 2150 686 2215 Senurz.

246 2246 279 2311 r.
295 2243 370 2301 358.
399 2250 572 2300 restaura
594 2251 661 2300 raa
683 2252 730 2301 aa
751 2250 846 2302 oona
868 2249 972 2300 azar.
1012 2233 1113 2296 Verte
1138 2253 1192 2297 rex
1215 2233 1297 2297 euim
1333 2254 1400 2298 eras

202 2321 352 2407 quamdiu
379 2321 503 2386 uivebur
531 2343 644 2386 eorum
681 2323 827 2388 omnium
855 2323 910 2406 qul
943 2330 1054 2387 sortem
1090 2315 1178 2382 illum
1205 2316 1287 2406 futu
1316 2342 1400 2405 pm·

201 2408 345 2494 scriptum
370 2408 512 2472 manibus
533 2419 708 2494 sceptroque
726 2408 856 2494 populos
871 2418 993 2495 regente
1006 2403 1228 2490 adimplebant.
1270 2403 1400 2472 Alludit

203 2495 244 2558 ad
280 2493 537 2581 Agamemnonis
564 2494 783 2584 principatum
813 2496 846 2559 in
875 2509 1010 2561 eeteros
1032 2513 1124 2579 reges
1150 2493 1191 2557 de
1218 2511 1287 2576 quo
1314 2515 1401 2581 saepe

202 2580 380 2646 Homerus.
424 2581 457 2645 S.
473 2581 639 2645 Barnea.

243 2680 274 2742 77.
291 2668 365 2732 361.
390 2670 481 2730 ΜΗΔ’
497 2682 569 2731 ΥΠΟ
591 2679 732 2732 ΤΡΩΙΑΣ.
776 2670 931 2748 Πνλῦχννςον
953 2669 982 2727 dtr
1004 2664 1071 2744 εἶχες
1092 2667 1172 2741 τάφον
1186 2663 1321 2726 dramonis
1338 2677 1399 2743 γᾶς,

202 2756 272 2820 tull·
294 2760 342 2815 tat
373 2757 488 2836 restare,
517 2783 544 2815 κ.
559 2785 587 2818 a.
601 2774 629 2818 ν.
675 2753 728 2816 Ita
751 2753 823 2819 haec
849 2773 925 2817 cum
953 2748 1211 2838 praecedentibus
1231 2747 1401 2817 cohaerent

200 2854 296 2923 apte:
328 2859 425 2923 neque
450 2838 584 2924 sepultus
601 2837 735 2929 sitisses:
769 2838 931 2904 Stanleius
959 2857 1082 2900 nexum
1114 2857 1180 2899 non
1208 2834 1397 2924 intelligens

200 2925 311 3013 inepte
332 2925 429 2989 vertit
447 2941 481 2990 et
502 2925 613 3012 inepte
639 2925 853 3013 subintelligit
875 2936 913 2988 νῦν
937 2925 984 2987 lt:
1016 2922 1049 2986 id
1069 2942 1182 2987 omnes
1203 2922 1319 2988 vident
1343 2926 1399 3011 qul

199 3011 297 3100 paulo
322 3025 396 3074 sunt
423 3011 629 3077 oculatiores.
676 3012 804 3077 Pnuw.

197 3550 270 3614 quae
284 3550 344 3592 nos
360 3527 394 3592 in
410 3527 488 3593 Not
507 3528 599 3594 Van.
616 3529 713 3595 Critt.
727 3531 769 3595 ad
785 3541 816 3606 rt.
831 3529 907 3593 365.
951 3526 985 3591 S.
1006 3526 1170 3590 Barnea.

241 3614 360 3689 nafis.
385 3629 505 3680 nasos
528 3625 562 3680 u’
578 3631 616 3679 01
639 3632 870 3692 rrsnourar,
894 3643 919 3678 ι.
935 3642 962 3678 s.
977 3632 1003 3676 s.
1049 3611 1159 3689 Verte,
1186 3606 1318 3675 Utinam
1342 3611 1397 3695 put·
1481 3616 1482 3683 j

197 3721 266 3767 cura
288 3698 508 3788 interfecerant
528 3702 616 3787 prius
638 3700 685 3766 itu
708 3703 756 3784 (id
780 3722 831 3766 est
852 3701 911 3764 sub
933 3699 1098 3776 moenibus
1112 3696 1218 3781 Trojue
1243 3698 1349 3763 occisi
1364 3712 1397 3762 et

197 3785 371 3875 sepulchro
392 3786 516 3874 vulgari
541 3788 683 3867 conditi)
701 3789 921 3853 accubuissent.
971 3782 1034 3871 Ut·

195 3872 231 3939 tis
251 3873 359 3937 intulit
384 3872 593 3962 elonginquo
619 3874 876 3960 audieratque
901 3871 1011 3937 barum
1041 3869 1259 3936 calamitatum
1283 3871 1395 3956 quitur

189 3961 362 4059 premimur
398 3981 513 4045 expers.
579 3961 655 4047 lpse
688 3961 848 4027 sermonis
886 3957 1012 4023 indoles
1045 3971 1080 4023 et
1113 3968 1275 4021 structura
1317 3957 1393 4021 satis
1481 3968 1482 4029 j

196 4047 345 4111 indicant
364 4044 437 4111 haec
458 4047 603 4134 optative
629 4048 722 4133 poni,
755 4046 929 4117 subaudita
957 4042 1025 4109 scil.
1038 4042 1139 4128 juxta
1163 4041 1276 4107 Schol.
1294 4045 1394 4108 verbu

194 4135 295 4213 dorm..
309 4128 322 4153 ⁸
350 4131 414 4196 Per
441 4140 499 4197 elva
523 4138 621 4218 terga
649 4134 788 4220 seipsam
818 4130 972 4217 intelligit
1002 4128 1142 4207 Electra,
1179 4128 1269 4215 qnod
1306 4144 1395 4194 recte

194 4235 308 4284 mouet
329 4217 440 4284 Schol.
484 4219 578 4287 Idem
604 4218 672 4285 scil·
688 4221 756 4283 vult
771 4242 810 4287 ac
825 4220 850 4282 si
867 4216 937 4281 aliis
963 4216 1068 4280 verbis
1085 4215 1231 4294 dixisset,
1255 4213 1391 4279 Utinam

193 4305 250 4391 qui
273 4326 347 4369 eum
370 4304 602 4370 iuterfecerunt
623 4304 710 4391 prius
737 4307 784 4370 ita
812 4302 1063 4380 occubuissent;
1098 4316 1134 4366 ut
1161 4323 1275 4365 eorum
1303 4324 1391 4368 mors
1481 4376 1482 4381 η

193 4411 213 4452 e
247 4389 428 4476 longinquo
460 4391 541 4454 mihi
574 4390 687 4459 fuisset
719 4391 879 4469 nuntiata,
914 4405 992 4453 tunc
1026 4387 1115 4453 enim
1145 4386 1390 4454 calamitatibus
1481 4432 1482 4439 κ

192 4474 408 4567 presentibus
430 4496 497 4539 uon
519 4478 735 4543 conflictaret.
782 4476 929 4542 Haisa.

236 4572 268 4631 t.
283 4562 359 4627 368.
391 4576 588 4639 neonae,
652 4561 847 4651 Interpretes
881 4571 1001 4648 postea,
1041 4556 1075 4623 iu
1112 4559 1199 4626 notis
1240 4559 1390 4649 corrigit,

243 3110 274 3171 t.
286 3097 361 3163 364.
394 3113 568 3164 TaaArAI.
639 3096 857 3185 Aposiopesin
887 3095 942 3159 bic
980 3116 1049 3158 esse
1082 3092 1277 3159 crediderim
1307 3116 1343 3179 q.
1368 3094 1399 3159 d.
1481 3092 1482 3167 ζ

202 3180 269 3248 Nec
289 3204 359 3247 veru
380 3182 408 3246 si
431 3184 487 3248 rub
515 3183 616 3271 Trujae
640 3184 788 3250 manibus
815 3181 998 3249 occubuisset
1033 3176 1102 3245 eam
1121 3178 1206 3268 face
1230 3180 1346 3266 populi
1369 3191 1398 3246 et
1481 3220 1482 3235 ν

195 3269 350 3356 gregariis
372 3267 521 3334 militibus
538 3269 672 3354 sepultus
686 3269 811 3359 fuisses,
835 3268 891 3334 sed
913 3269 946 3331 in
967 3266 1121 3355 praeclaro
1137 3288 1271 3353 aggere,
1293 3266 1351 3332 lon
1376 3289 1396 3332 e
1481 3280 1482 3321 t

197 3353 380 3442 spectabili,
401 3369 435 3419 et
455 3356 627 3443 sepulchro
654 3379 729 3422 vere
755 3356 859 3444 regio,
892 3376 979 3419 nunc
1003 3375 1079 3418 vero
1100 3352 1280 3418 inhonorus
1303 3290 1399 3418 nullis
1481 3358 1482 3391 ;

199 3441 337 3528 peractis
364 3441 486 3507 inferiis
512 3443 679 3507 sordidum
709 3443 805 3508 funus
834 3455 950 3511 nactus
979 3463 1024 3505 es.
1070 3437 1122 3504 De
1153 3439 1286 3525 reliquis
1322 3439 1398 3507 vide
1481 3468 1482 3491 1

1035 3783 1140 3857 littam
1159 3781 1242 3868 guod
1264 3793 1396 3849 mortem
1481 3826 1482 3833 κ
