2958 4938
549 240 976 321 CHOEPHORAE··

334 398 448 465 Pedum
460 398 639 477 consimilia,
661 413 690 463 et
703 398 776 465 meis
789 398 915 485 aqualia
928 413 1006 465 sunt.

333 501 453 566 Etenim
468 501 528 564 duo
541 499 608 569 hec
622 516 691 567 sunt
702 499 810 583 pedum
825 500 1048 576 delineamus,
1283 509 1370 586 ³05¹

334 600 415 666 lllius
429 600 530 683 ipsius,
550 615 581 665 et
596 600 750 685 cujusdam
764 599 873 665 itineris
886 599 969 665 socii.

334 701 453 779 Calces,
473 700 909 786 tendinumquedescriptionos
922 713 1099 770 mensurata

333 802 371 867 In
383 801 462 869 idern
476 801 658 868 conveniunt
670 803 744 867 meis
756 801 895 890 vestigiis.

226 935 234 951 s
334 904 428 968 Adest
441 925 512 967 vero
525 903 611 967 dolor
624 918 654 966 et
667 903 758 969 animi
771 902 970 971 conturbatio.

165 1023 275 1073 cumr.
338 1005 460 1071 Procare
473 1017 507 1067 ut
520 1004 643 1090 reliqua,
665 1004 719 1067 diis
731 1002 915 1085 perfectrices

335 1102 440 1172 Preces
454 1104 627 1182 enuncians,
648 1120 728 1169 recte
741 1105 910 1169 succedant.

165 1226 292 1273 susce.
335 1205 421 1287 Quid
435 1227 509 1291 ergo
521 1226 603 1271 nunc
616 1204 718 1271 divum
732 1204 843 1271 auxilio
856 1203 1087 1273 assecuturum?

164 1329 274 1375 onnes.
333 1306 370 1372 In
382 1321 578 1388 conspectum
591 1327 696 1371 eorum
710 1304 792 1370 venis
806 1328 882 1391 quos
895 1328 989 1387 nuper
1002 1307 1101 1372 uidere
1113 1303 1262 1388 expetisti.

166 1433 276 1479 ztucr.
337 1411 441 1493 Quem
455 1430 525 1473 vero
539 1408 709 1473 mortalium
722 1408 801 1475 nosti
813 1431 864 1473 me
877 1408 1000 1475 vocare?

165 1534 274 1583 onnsr.
336 1512 421 1577 Novi
436 1525 464 1575 te
478 1511 618 1578 Orestem
630 1508 764 1575 efflictim
776 1509 957 1592 cupientem.
1243 1566 1248 1573 .
1284 1527 1356 1595 215

166 1636 278 1682 usses.
333 1614 378 1679 At
391 1613 462 1700 quid
473 1634 613 1701 assequor
625 1634 730 1679 eorum
743 1634 812 1698 quae
825 1611 913 1692 petii?

164 1737 274 1784 onusr.
335 1719 402 1799 lpse
412 1739 471 1803 ego
485 1739 567 1793 sum;
589 1738 741 1803 nequiere
756 1715 809 1801 qui
823 1716 875 1779 tibi
889 1716 927 1787 sit
940 1716 1055 1782 auricus
1068 1715 1173 1807 magis.

166 1842 296 1888 unser.
333 1823 451 1887 Verum
464 1820 567 1885 dolum
580 1821 720 1909 aliquem,
743 1821 775 1887 Ο
790 1818 906 1900 hospes,
928 1820 1002 1884 mihi
1017 1821 1119 1891 nectis.

165 1941 290 1990 ouus'r.
332 1924 399 2004 lpse
413 1944 486 2008 ergo
499 1937 603 1986 contra
617 1922 764 2003 meipsum
778 1922 863 1993 dolos
877 1923 1043 1990 machinor.

162 2048 274 2096 nuncu.
334 2025 390 2092 Sed
405 2024 479 2092 meis
492 2024 524 2092 in
537 2025 622 2093 malis
635 2026 727 2093 ridere
742 2026 793 2089 vis.

163 2153 274 2199 onssr.
330 2132 368 2195 In
383 2128 456 2193 meis
471 2151 602 2216 quoque,
624 2130 648 2194 si
662 2130 754 2196 modo
767 2131 799 2194 in
814 2129 881 2195 tuis.

165 2254 297 2302 nuncu.
333 2235 448 2301 Revera
460 2232 599 2297 Orestem
613 2233 695 2297 hisce
709 2255 767 2320 ego
782 2248 810 2297 te
818 2232 979 2319 alloquor?

164 2358 274 2405 onust-
331 2337 434 2417 Ipsum
448 2334 538 2420 igitur
552 2334 668 2399 intuens
682 2334 734 2399 vix
746 2335 884 2422 agnoscis
896 2357 956 2405 me,
1283 2415 1288 2425 .

333 2435 501 2500 Detonsam
516 2450 616 2498 autern
630 2435 708 2501 hanc
722 2434 823 2499 videns
836 2435 1050 2518 sepulchralem
1063 2435 1224 2516 cassanum,

334 2533 371 2608 In
385 2556 469 2618 spern
482 2550 579 2600 erecta
592 2556 632 2613 es,
655 2551 686 2600 et
701 2559 749 2606 rue
764 2536 907 2601 videbaris
917 2538 1056 2621 aspicere,
1178 2548 1183 2557 ’
1285 2558 1325 2605 22
1327 2556 1350 2629 ς

334 2636 510 2722 Acriterque
525 2637 648 2701 lustrans
662 2659 730 2699 mea
742 2638 880 2724 vestigia:

333 2738 442 2820 Capilli
456 2737 498 2802 tui
512 2738 699 2816 cincinnum,
718 2737 823 2816 fratris,
845 2739 897 2803 tibi
910 2739 1006 2823 capite
1019 2739 1152 2827 aequalis,

333 2840 478 2903 Detonsae
492 2839 622 2909 casariei
634 2862 751 2920 appone
765 2854 794 2904 et
808 2862 959 2922 compara.

332 2941 415 3004 Ecce
429 2956 539 3005 vestem
552 2940 641 3017 hanc,
656 2957 716 3005 tuae
732 2962 836 3004 manus
852 2963 941 3022 opus;

334 3041 526 3107 Instrumenti
536 3041 651 3104 textorii
662 3042 778 3126 plagas3
794 3042 968 3122 etamplius,
978 3041 1106 3107 ferarum
1116 3042 1271 3129 imagines.
1284 3063 1350 3131 230

334 3142 505 3218 Cohibete,
523 3163 619 3225 neque
635 3141 744 3226 gaudio
757 3141 916 3203 attonitum
928 3143 1029 3206 reddas
1046 3145 1197 3214 animum:

336 3242 543 3309 Amicissimos
557 3242 636 3305 enirn
652 3241 738 3303 nobis
752 3240 845 3304 tristes
858 3262 920 3305 esse
934 3243 1020 3307 sensi.

333 3348 367 3412 Ο
381 3345 568 3410 dilectissima
581 3366 652 3409 cura
666 3362 794 3426 paternae
807 3344 924 3422 domus,

335 3446 570 3534 Laehrymabilis
584 3468 649 3528 spes
663 3446 781 3510 seminis
795 3445 941 3511 salutaris!

336 3550 457 3620 Robore
469 3551 559 3617 fretus
573 3552 698 3616 domurn
711 3551 894 3633 recuperabis
906 3552 1003 3633 patris.
1287 3575 1304 3620 2
1309 3575 1350 3643 35

337 3655 369 3720 Ο
380 3652 548 3738 jucundum
561 3653 663 3715 lumen
678 3667 806 3737 quatuor
820 3652 878 3715 mei
892 3652 1042 3734 portiones
1055 3653 1178 3734 habens,

335 3757 383 3820 Te
395 3755 477 3818 enim
491 3768 526 3818 ut
538 3754 674 3838 alloquar·
683 3770 801 3816 necesse
810 3753 876 3836 jam
889 3751 996 3819 habeo.

336 3855 435 3927 Amor
450 3876 532 3921 rneus
546 3875 616 3940 erga
628 3867 785 3934 patrem-et
799 3870 923 3919 matrem
936 3855 967 3921 in
983 3872 1011 3921 te

337 3957 456 4044 Vergit,
471 3955 520 4019 illa
535 3977 606 4017 vero
616 3954 775 4039 justissime
790 3955 861 4023 odio
875 3956 975 4021 habita
987 3974 1041 4037 est,

337 4057 406 4134 Iino
420 4074 450 4122 et
464 4056 570 4120 sororis
583 4055 738 4119 crudeliter
752 4071 905 4120 mactatas,

336 4161 426 4225 Fidus
439 4159 527 4223 frater
539 4181 582 4237 es,
603 4158 678 4221 mihi
692 4159 839 4223 honorem
854 4160 963 4225 ferens:

337 4263 436 4329 Modo
451 4263 557 4326 Robur
570 4277 600 4326 et
614 4261 756 4326 Vindicta
769 4286 829 4326 una
843 4284 915 4327 eum
930 4264 1015 4329 tertio

334 4367 412 4451 Jove
426 4366 564 4435 omniurn
576 4365 711 4431 maximo
726 4367 821 4433 adsint
834 4366 918 4435 mihi.
