2958 4938
487 268 900 342 CHOEPHORAE.

347 533 352 541 ·
403 530 957 617 Auu1suuouutcu.

536 756 830 826 STROPHE.

31 1004 32 1035 ἶ
113 914 216 1003 enisu.
240 937 296 1006 οΟ
311 956 403 1024 pater,
417 941 519 1030 gravia
533 965 666 1028 perpesse
678 942 771 1029 patet,
793 948 866 1036 quid
881 948 934 1015 tibi

259 1043 389 1129 Loquar,
403 1061 455 1109 aut
469 1045 541 1130 quid
555 1045 675 1126 faciam.

259 1144 397 1210 Secundo
412 1160 502 1215 veuto
516 1169 534 1210 a
549 1144 640 1234 longe
652 1149 714 1213 huc
728 1149 884 1229 accedens,

255 1245 319 1310 Ubi
334 1262 400 1310 tuus
413 1264 456 1311 est
470 1248 692 1336 lectusferalis,
712 1264 715 1269 '

255 1347 325 1412 Lux
339 1349 464 1413 tenebris
476 1348 546 1432 par?

255 1447 373 1514 Gratiae
384 1473 455 1517 vero
469 1451 575 1533 pariter

255 1552 414 1616 Vocantur
427 1550 512 1617 dolor
524 1552 649 1617 celebris

254 1651 305 1721 Ab
320 1653 430 1721 Atridis
444 1656 495 1741 qui
510 1655 590 1737 prius
604 1656 712 1721 dumos
725 1654 864 1741 habuere.

572 1928 769 1998 IAMBI.

31 2084 32 2089 ’
103 2100 198 2149 cuou.
224 2131 244 2163 „
259 2083 348 2162 vuiti,
370 2085 506 2151 animum

225 2234 245 2264 ,‚
260 2185 408 2251 Defuncti
421 2211 484 2251 non
499 2188 602 2253 domat

225 2333 244 2365 „
259 2288 369 2359 Valida
383 2287 461 2375 ignis
474 2291 607 2368 maxilla,

224 2435 244 2466 „
260 2389 434 2454 Manifestat
450 2414 521 2454 vero
537 2408 638 2474 postea
652 2391 722 2460 itas:

224 2536 245 2567 „
260 2490 395 2576 Lugetur
405 2509 505 2555 autem
518 2509 663 2572 mortuus,

222 2635 243 2668 „
260 2589 440 2656 Manifestus
454 2591 489 2657 fit
503 2594 556 2680 qui
570 2594 655 2658 laesit.

222 2699 243 2768 ‚'‚
258 2691 439 2779 Patrumque
453 2703 483 2758 et
495 2695 656 2760 liberorum
675 2708 679 2713 “

219 2836 240 2868 ,,
255 2790 400 2857 Gemitus
407 2795 506 2879 justus
519 2794 677 2882 investigat

220 2937 241 2969 „
257 2892 383 2973 Omuie,
397 2895 434 2958 ab
451 2912 576 2982 utraque
588 2913 669 2978 parte
684 2897 887 2962 conturbatus.

131 3125 216 3217 ‘'MS.
236 3132 266 3191 0
277 3147 367 3213 pater,
386 3133 485 3215 gravia
493 3134 626 3219 'perpesse
639 3136 729 3218 puter,
751 3135 819 3217 quid
833 3136 940 3197 loeutus
954 3148 1001 3194 aut
1018 3150 1076 3213 quo
1090 3144 1172 3213 pacto
1191 3148 1263 3192 asse-

94 3240 156 3287 tutus
176 3226 254 3286 fuero
278 3229 328 3308 qu'l
351 3230 503 3291 secundam
525 3231 735 3314 navigationem
754 3230 869 3311 perfeci,
889 3233 934 3290 vel
954 3228 1058 3289 delatus
1069 3251 1125 3287 sum
1146 3231 1263 3288 secundis

94 3327 170 3388 veneis,
189 3341 205 3379 e
225 3321 394 3402 longinquo,
413 3324 561 3395 celocem,
581 3325 611 3386 in
634 3328 710 3386 hunc
730 3327 826 3386 locum
847 3324 895 3384 ubl
915 3339 976 3384 tuus
995 3335 1037 3382 est
1057 3320 1144 3380 lectus
1157 3320 1261 3390 fet-alis,

31 3492 32 3497 η
92 3428 148 3474 tuum
157 3417 322 3497 sepulchrum,
343 3436 405 3498 quae
418 3438 472 3489 res,
491 3437 576 3500 nempe
586 3425 655 3502 qued
665 3422 730 3482 illue
740 3426 863 3488 venerim,
883 3416 954 3478 mlhi
966 3418 1054 3476 inetur
1065 3413 1135 3473 lucis
1148 3428 1189 3474 est
1197 3433 1261 3474 cum

91 3510 183 3586 panibus
202 3510 322 3570 tenebris
346 3514 521 3590 conjunctae:
542 3516 570 3576 h.
582 3540 611 3577 e,
627 3520 695 3595 qued
695 3515 819 3594 feliciter
835 3514 1009 3572 adcumulem
1019 3514 1211 3589 pervenerim,
1231 3514 1264 3570 id

92 3604 144 3664 mili
153 3606 181 3664 eb
190 3610 233 3664 tui
244 3611 391 3666 memoriam
400 3625 438 3667 est
447 3615 632 3689 gratissimum
637 3637 649 3678 ‚⁰
663 3614 710 3670 sed
719 3615 782 3690 quia
790 3608 832 3668 hic
840 3607 908 3666 locus
916 3622 953 3666 eet
964 3603 1073 3682 ubipest
1082 3605 1176 3662 cadem
1186 3605 1262 3662 colle·

91 3703 246 3778 euusfuisti,
264 3722 297 3759 ea
310 3720 350 3760 res
362 3724 403 3763 me
416 3709 494 3784 angit
509 3728 542 3765 ee
555 3719 655 3782 aquus*
666 3703 799 3765 dicuutur
817 3716 921 3775 autem,
940 3699 991 3760 vel
1002 3712 1073 3766 sunt,
1092 3698 1200 3776 gretiae,
1221 3720 1261 3759 res

88 3804 164 3865 grata,
191 3791 296 3870 pariter
315 3817 373 3854 cum
393 3801 497 3855 ceteris
515 3799 618 3873 officiis,
644 3796 751 3857 Attidis
773 3795 825 3868 qui
847 3797 964 3854 domum
985 3790 1061 3871 pu'ue
1079 3791 1261 3852 obtinuerunt

90 3880 163 3944 luctus
188 3885 305 3945 nobilis:
333 3887 360 3947 h.
374 3910 399 3949 e.
420 3889 552 3951 celebrare
571 3894 669 3963 lucum
684 3895 806 3970 parentis
825 3912 866 3951 res
884 3892 936 3970 ‘ipsi
950 3901 1037 3969 grata
1055 3901 1103 3953 est,
1135 3899 1165 3944 ut
1183 3883 1263 3946 aliud

31 4006 32 4049 t
89 3982 176 4054 quodvis
187 3981 305 4054 officim.

31 4196 32 4199 Ἴ
117 4139 126 4174 ⁷
142 4135 202 4194 MS.
226 4136 318 4204 Ofili,
340 4137 453 4198 maxilla
466 4140 536 4200 dura
549 4139 624 4221 ignis
637 4161 694 4202 uon
708 4138 852 4220 extinguit
864 4136 985 4200 animum
999 4133 1112 4204 mortui,
1131 4133 1179 4194 sed
1193 4153 1258 4213 pos-

90 4224 156 4287 terius
177 4230 298 4290 ostendit
321 4232 405 4302 irauu
424 4233 536 4313 lugetur
558 4235 606 4313 qui
629 4249 754 4294 mortuus
774 4251 827 4301 est,
846 4231 1038 4294 manifestatur
1057 4228 1081 4288 is
1103 4226 1150 4307 qui
1171 4228 1259 4298 laesite

89 4322 186 4397 gemitus
204 4325 295 4402 justus
316 4343 461 4407 parentum
483 4346 512 4390 et
529 4328 681 4391 liberorum
702 4344 822 4406 mutuus,
853 4333 1005 4406 reciprocus,
1025 4324 1165 4397 confusus,
1188 4346 1257 4384 eom·

31 4420 32 4433 ¹
89 4418 170 4486 uisus,
189 4418 283 4480 omnia
296 4419 459 4503 investigat.
1115 4438 1117 4445 ’

655 4503 682 4567 L
