2958 4938
92 970 515 1058 ARGUMENTUM
548 974 823 1057 AESCHYLI
858 974 1208 1058 TRAGOEDIAE

609 1192 677 1236 ΕΜ

312 1342 627 1414 INSCRIBITUR
648 1344 971 1415 CHOEPHORAE.

67 1612 284 1741 ORESTES
299 1674 384 1760 jussu
396 1675 523 1742 Oruculi
537 1697 678 1740 unacum
693 1675 802 1764 Pylade
815 1676 915 1762 Argos
928 1697 1069 1754 reversus,
1085 1677 1234 1740 tumulum

65 1779 209 1858 patrissui
234 1780 475 1868 Agamemnonis
493 1782 609 1859 invisit3
639 1782 691 1846 ubi
716 1783 867 1870 virginum
890 1783 983 1847 coetui
1007 1783 1235 1870 Clytemnestrae

67 1883 232 1952 famularum
254 1890 394 1968 occurrit,
417 1911 490 1976 quas
511 1890 560 1954 illa
581 1890 700 1954 somnio
722 1890 869 1968 exterrita,
891 1890 1036 1954 consultis
1055 1890 1236 1974 conjectori-

67 1989 121 2070 bus,
141 1988 183 2059 ad'
190 1995 350 2077 placandos
371 2019 474 2062 manes
488 1996 584 2061 mariti
603 2020 675 2062 cum
697 1997 807 2062 inferiis
821 1997 948 2062 miserat.
992 1998 1051 2063 His
1064 1998 1237 2083 adjunxerat

66 2117 93 2162 se
104 2121 183 2165 soror
195 2102 258 2186 ejus
273 2102 408 2178 Eleotra;
431 2104 482 2168 cui
497 2104 618 2170 Orestes
638 2125 691 2185 per
711 2104 792 2168 varia
805 2104 912 2168 indicia
924 2103 1093 2168 innotescit.
1137 2105 1187 2167 Ab
1203 2103 1237 2166 iis

67 2219 147 2273 totam
163 2231 229 2273 rem
243 2209 380 2288 edodhrs,
399 2210 496 2298 regias
508 2210 588 2276 sedes
602 2210 727 2288 accedit,
748 2211 893 2291 viatorem
906 2232 936 2275 se
945 2209 1064 2297 fingens
1076 2233 1093 2274 e
1106 2210 1238 2273 Phocide

67 2310 260 2393 Dauliemem,
282 2317 333 2404 qui
348 2316 444 2380 obiter
464 2318 604 2381 mandata
624 2332 779 2398 acceperat
800 2317 914 2383 Orestis
928 2333 1056 2385 mortem
1070 2317 1239 2400 parentibus

65 2421 118 2504 ejus
130 2423 301 2487 nunciandi.
321 2436 328 2449 ‘
345 2423 520 2509 Egisthum
533 2423 594 2486 hoc
609 2439 643 2487 ut
656 2424 756 2487 audiat
772 2425 906 2488 lubenter
920 2445 1069 2511 egressum
1083 2425 1238 2506 derepente

66 2525 206 2606 interficit3
229 2531 315 2614 cujus
339 2531 470 2594 clamore
493 2546 616 2595 evocata
639 2531 868 2618 clytemnestra,
890 2546 920 2594 et
942 2553 997 2616 pro
1019 2531 1079 2594 vita
1098 2553 1153 2595 sua
1165 2554 1239 2611 apo-

66 2633 135 2723 logis
146 2637 231 2702 brevi
245 2658 309 2715 usa,
332 2660 350 2701 a
366 2633 501 2703 filiosuo
521 2638 696 2719 interempta
713 2653 767 2701 est.
812 2641 881 2703 Hac
896 2632 1116 2724 patratacaede,
1130 2654 1238 2701 marer-

67 2741 104 2806 uis
116 2745 194 2813 furiis
206 2745 337 2832 agitatus
352 2746 473 2810 Orestes
487 2745 623 2828 Delphos
636 2744 778 2830 profugit.
1064 2742 1067 2747 ’

103 2937 192 3004 Scene
205 2940 327 3003 Fabnlae
343 2939 434 3025 Argis
448 2941 650 3007 constituitur:
675 2939 797 3004 Chorus
817 2954 916 3004 autem
937 2955 1054 3005 constat
1074 2964 1113 3006 ex
1134 2942 1238 3027 Virgi-

68 3045 142 3108 nibus
168 3071 239 3111 cum
268 3045 378 3110 inferiis
403 3047 441 3109 ad
468 3048 618 3112 turnulum
648 3047 888 3134 Agamemnonis
914 3046 1065 3130 profeblis.
1118 3048 1237 3111 Titulus

69 3152 225 3241 Ῥωμαῖε
247 3151 548 3218 cunuurrouAE.
