2992 4942
201 342 283 447 'rso
560 375 627 441 ru
666 372 1085 459 quoeunnnns

216 547 375 620 quantum
397 531 467 618 ejus
495 531 620 598 ferebat
646 530 814 620 ingenium
838 529 971 596 irridere
997 531 1144 617 cupies,
1173 527 1352 629 omniaque
1369 529 1405 599 'ru
1483 556 1484 599 r

213 618 306 706 pejus
329 621 536 705 detorquens,
571 629 691 683 vestem
723 641 788 704 quo
822 631 899 682 tunc
923 616 1056 687 indutus
1081 614 1212 683 Orestes
1240 615 1404 703 designari
1483 630 1484 699 3

211 706 298 772 ultro
330 705 497 794 supponit.
536 703 687 773 Hesus.
749 702 858 790 Vulgo
887 703 1041 781 creditur,
1078 701 1269 790 Euripidem
1307 703 1404 769 etiam
1483 728 1484 787 3

210 791 278 857 hoc
309 794 439 880 signum
473 791 600 857 Orestis
625 815 645 856 a
673 811 782 859 sorore
810 790 1016 876 agnoscendi
1045 812 1144 857 causa
1174 790 1217 855 ab
1245 788 1405 875 AEschylo
1483 792 1484 869 3

127 960 130 969 ‚
211 893 401 977 usurpatum
440 878 573 945 irridere
603 877 740 945 voluisse
770 877 804 942 'm
840 875 978 954 Electra,
1008 889 1038 951 il.
1055 884 1132 949 537.
1156 888 1190 943 et
1216 896 1313 961 seqq.
1351 875 1406 943 sed
1483 872 1484 913 ³

212 985 349 1030 ommno
372 964 475 1033 fateor
494 986 547 1031 me
569 965 716 1029 nondum
738 984 922 1051 quenquam
945 963 1075 1043 vidisse,
1092 962 1149 1049 qui
1165 960 1240 1032 Eur·
1270 963 1362 1031 idem
1375 972 1408 1029 et

211 1063 315 1117 totam
347 1051 436 1119 illem
459 1044 732 1121 confabulationis
762 1064 888 1138 partem
915 1049 998 1117 inter
1027 1072 1138 1119 senem
1167 1064 1201 1115 et
1240 985 1407 1120 Ermum
1483 1046 1484 1061 ³

209 1147 241 1214 γ.
256 1145 330 1202 508.
365 1139 440 1204 546.
458 1160 510 1203 *eo
538 1137 687 1215 consilio,
725 1150 762 1203 ut
791 1135 985 1223 AEsnbylum
1014 1137 1172 1216 irrideret,
1206 1136 1408 1203 confinxisse

209 1222 421 1312 probabiliter
443 1225 604 1293 docuerit.
662 1223 795 1297 Merum
827 1222 893 1289 hoc
923 1239 972 1288 est
1004 1223 1137 1293 Stanleii
1166 1236 1405 1299 commentum,

210 1311 300 1397 quod
338 1333 405 1377 non
444 1310 708 1379 animaduerterit
751 1308 943 1396 iEschylum
980 1324 1014 1375 et
1049 1303 1240 1396 Euripidem
1280 1307 1408 1379 fabule

210 1396 356 1482 ejusdem
391 1397 525 1484 quidem
561 1396 745 1486 argumenti
776 1397 960 1463 tractandas
993 1397 1153 1474 sumsisse,
1188 1394 1246 1461 sed
1283 1395 1335 1465 its
1374 1406 1409 1461 ut

210 1497 347 1569 uterque
378 1506 437 1550 suo
468 1484 602 1572 ingenio
628 1486 869 1570 obsequeretur.
924 1481 1096 1571 Euripides
1124 1482 1222 1571 fingit
1243 1479 1408 1549 Orestem
1483 1490 1484 1527 ³

209 1592 230 1634 a
251 1571 435 1658 paedagogo
459 1592 596 1658 puerum
621 1572 729 1639 adhuc
755 1569 909 1642 tenellum
934 1571 1022 1637 ueste
1049 1568 1231 1637 inuolutum
1257 1565 1407 1654 AEgiubi
1483 1590 1484 1657 ᾗ

207 1657 334 1723 insidiis
356 1670 537 1746 surreptum
557 1657 666 1727 fuisse.
709 1654 881 1743 AEschylus
897 1671 1006 1725 autem
1028 1654 1284 1743 probabiliorem
1308 1654 1408 1725 ratio·
1483 1674 1484 1677 ’

208 1765 285 1810 nem
309 1744 465 1831 sequitur,
486 1759 520 1811 er
541 1745 647 1833 magis
667 1765 744 1813 cum
763 1757 950 1837 temporum
969 1743 1139 1813 notorious
1152 1762 1216 1811 con
1241 1754 1406 1809 ruentem.
1483 1748 1484 1781 ¹

209 1829 342 1897 Orestes
377 1832 477 1911 enim,
521 1845 695 1919 antequam
732 1829 963 1918 Agamemnon
996 1830 1037 1897 ad
1071 1827 1191 1898 bellum
1252 1825 1406 1912 rejanum

207 1917 468 2016 proficisceretur
482 1931 588 1999 notus,
604 1935 672 1987 tum
688 1940 763 1985 cum
782 1916 1031 2004 clytemnestra
1044 1914 1197 2014 AEgistbo
1210 1912 1407 2000 morigerari

209 2005 371 2091 inciperet
393 2004 559 2073 decimum
583 2008 690 2075 etatis
719 2025 840 2071 annum
872 2024 969 2090 agere
1000 2002 1125 2080 debuit.
1156 2014 1201 2080 et,
1234 2000 1294 2067 virr
1330 2014 1406 2070 ante

207 2089 433 2167 imminentem
456 2093 659 2179 pubertatem
684 2092 729 2181 ab
751 2091 864 2177 iniqua
884 2103 988 2163 matre
1014 2088 1057 2159 ad
1079 2087 1271 2236 Stroqhium
1287 2085 1406 2153 missus
1483 2116 1484 2127 ¹

207 2192 267 2242 est.
321 2176 419 2242 Certe
450 2193 518 2243 tum
545 2198 622 2247 cnm
646 2179 874 2265 Agamemnon
898 2176 1018 2243 rediret
1045 2174 1216 2261 AEschyus
1247 2171 1406 2243 Orestem
1483 2180 1484 2185 ’

200 2262 272 2350 jam
300 2263 334 2328 in
359 2263 457 2350 pleno
472 2262 655 2349 juventutis
680 2264 760 2333 flore
780 2277 815 2332 et
834 2265 952 2333 robore
974 2274 1154 2329 uersantem
1179 2258 1293 2339 finxit,
1313 2258 1407 2344 quod

206 2350 304 2437 plane
338 2349 530 2438 intelligitur
560 2373 580 2417 e
612 2351 704 2419 cirori
739 2350 836 2435 dictis
867 2347 987 2436 Agrum.
1010 2359 1043 2425 t·
1060 2348 1155 2419 lete.
1187 2359 1222 2413 et
1252 2353 1287 2415 ti.
1309 2346 1406 2415 1676.
1483 2424 1484 2439 ἢ

205 2436 283 2504 lam
315 2436 523 2524 chlamydem
546 2435 800 2529 fratri·peregre
826 2435 958 2500 abeunti
992 2456 1012 2498 a
1045 2455 1079 2497 se
1110 2444 1235 2499 textam
1268 2445 1304 2496 et
1343 2453 1404 2496 acu
1483 2444 1484 2479 ῑ

206 2524 332 2613 pictum
365 2523 500 2588 donasse
536 2523 709 2603 Electram,
742 2542 879 2610 eamque
910 2523 951 2585 ab
983 2519 1112 2598 Oreste,
1142 2520 1197 2605 qui
1226 2516 1406 2617 diligenter
1483 2564 1484 2583 r

209 2611 327 2677 sororis
366 2610 488 2675 donum
539 2611 657 2676 amoris
697 2610 829 2684 fraterni
871 2628 969 2673 cause
1006 2619 1174 2683 servasset,
1221 2618 1407 2669 etiamnum
1443 2655 1456 2673 .
1483 2614 1484 2649 ³

228 2697 336 2778 estari,
360 2696 441 2761 nihil
471 2696 570 2763 habet
597 2697 686 2784 quod
712 2718 734 2763 a
755 2695 897 2765 ueritatis
919 2693 1029 2780 specie
1054 2693 1194 2787 recpdut.
1239 2690 1405 2761 Sanuuz.
1483 2712 1484 2771 3

205 2722 305 2850 ironis
343 2781 516 2870 diligenter
557 2784 702 2853 excussis
738 2782 819 2849 mihi
860 2778 1136 2869 persuasissimum
1176 2788 1227 2847 est
1262 2777 1403 2845 voluisse
1483 2802 1484 2841 ι

208 2869 397 2956 Euripidem
423 2871 453 2932 in
481 2868 610 2937 Electra
639 2893 696 2935 sua
717 2866 906 2953 AEschylum
935 2864 1150 2953 perstringere
1179 2884 1245 2951 qua
1267 2877 1347 2929 sunt
1367 2864 1404 2929 in
1483 2896 1484 2899 ¹

205 2957 364 3023 sententia
387 2954 598 3041 Musgrarius
632 2954 754 3023 Heuth.
789 2954 975 3021 Brumoeus.
1041 2952 1113 3019 Nec
1147 2950 1231 3017 solus
1257 2964 1309 3015 est
1344 2961 1402 3015 aut

207 3041 376 3131 singularis
398 3039 454 3105 hic
480 3042 581 3119 locus,
606 3042 640 3107 in
660 3063 727 3127 quo
752 3038 885 3105 aemulos
907 3060 983 3107 suos
1006 3037 1086 3103 salse
1108 3036 1258 3113 vellicant
1284 3051 1402 3123 poetre.

206 3132 299 3197 Idem
322 3130 363 3193 ab
389 3126 607 3214 Aristophane
631 3127 754 3195 facturn
780 3125 906 3202 millies,
926 3125 969 3193 ab
992 3123 1133 3191 Horatio
1156 3124 1278 3210 sepius
1300 3116 1398 3209 quim

205 3213 368 3283 nonnullis
409 3212 523 3278 visum.
602 3214 659 3277 Sic
698 3212 841 3281 Ennium
880 3210 993 3281 derisit
1033 3209 1184 3290 Lucilius,
1223 3208 1394 3296 Virgilium
1483 3214 1484 3229 ¹

206 3302 327 3373 Bauius
348 3316 382 3364 et
404 3297 560 3377 Maeuius,
592 3297 801 3386 Apollonium
822 3298 933 3384 tetigit
956 3295 1189 3376 Callimachus,
1207 3292 1398 3361 Terentium
1483 3298 1484 3303 ’

75 3376 82 3393 ’
206 3392 371 3466 Laberius,
415 3385 558 3450 Pindaro
591 3384 817 3459 oblaterabant
853 3382 1014 3470 ignobiles
1044 3382 1192 3468 quidam,
1226 3381 1283 3449 alii
1313 3382 1396 3460 aliis,

204 3500 286 3566 quos
316 3493 483 3539 recensere
519 3471 652 3561 longum
684 3484 778 3537 esset.
838 3469 1002 3541 Nimirum
1030 3469 1182 3537 ita'eom
1227 3481 1300 3535 rata
1325 3481 1400 3537 sunt

203 3567 347 3632 humana
374 3571 519 3645 pectora,
548 3573 585 3624 ut
606 3554 641 3633 in
674 3557 838 3623 nobismet
863 3555 1140 3632 consumentu
1164 3555 1235 3621 aiis
1262 3553 1399 3641 Lynceo

204 3648 409 3718 oculatiores.
453 3643 506 3710 Ad
532 3646 645 3726 ipseper
670 3665 746 3709 vero
772 3641 860 3729 qnod
890 3642 1018 3719 attinet,
1051 3653 1142 3707 recte
1165 3641 1237 3726 jam
1267 3642 1399 3707 monuit

204 3737 306 3807 Stanl.
328 3754 395 3799 nou
418 3743 552 3809 vestem,
578 3731 635 3797 sed
657 3730 744 3795 aliud
763 3728 919 3816 quiddam
944 3725 1057 3795 tortile
1077 3727 1142 3797 hou
1170 3726 1399 3814 significari-

202 3825 292 3915 quod
324 3834 478 3904 tanquam
494 3818 644 3899 papianus
665 3837 728 3883 suae
749 3816 869 3885 sororis
879 3815 1098 3892 adservatum,
1118 3835 1229 3881 seeum
1246 3812 1397 3881 Orestem

202 3911 346 3979 attulisse
369 3902 525 3969 credibile
546 3917 607 3970 est.
652 3903 755 3982 Quin,
775 3924 852 3971 cum
878 3899 962 3969 clam
989 3918 1134 3971 reuersus
1154 3910 1250 3979 esset,
1273 3921 1398 3988 proque

201 4000 262 4065 bos
286 3998 331 4069 ite
345 3990 459 4057 baberi
480 4011 513 4057 se
529 3987 691 4070 voluisset,
713 3988 802 4057 nullo
822 3986 923 4057 modo
938 3985 1094 4055 credibile
1108 3999 1159 4055 est
1177 4008 1254 4055 euni
1270 4001 1395 4055 vestem

201 4088 244 4152 sb
308 4093 430 4151 notram
455 4091 591 4154 textam,
611 4075 703 4161 quod
718 4076 826 4145 statim
842 4076 947 4163 ipsum
964 4071 1217 4160 Clytemueetrae
1231 4073 1396 4161 proderet,

200 4171 350 4239 indutum
373 4187 453 4231 esse.
493 4162 531 4227 S.
549 4162 717 4231 Burnus.

246 4268 277 4332 r.
291 4261 368 4328 881,
404 4265 531 4319 essuos
563 4263 682 4317 miror
709 4263 816 4313 xero
847 4262 893 4315 uu
922 4263 980 4317 stu
1007 4255 1203 4319 ’summu
1240 4260 1395 4319 erem

202 4341 288 4411 Vide
303 4341 347 4405 ad
357 4339 447 4405 Pers.
464 4347 495 4415 V·
510 4337 582 4402 162.
597 4350 630 4402 et
644 4347 675 4403 rt.
685 4334 762 4403 608.
784 4332 887 4420 Sopb.
902 4331 1020 4403 Trecla
1032 4337 1063 4405 r.
1079 4332 1155 4399 638.
1174 4400 1177 4407 ,

364 4481 367 4487 ·
412 4443 480 4508 ‘Or'
494 4443 653 4515 imminu
672 4445 750 4516 seps
769 4436 840 4521 ider}
855 4443 928 4520 sing.
1013 4432 1210 4498 Alium.

203 4546 703 4696 sffiqnaurtx‘ruuur.
762 4532 902 4669 literram
930 4533 1106 4625 possidebis,
1138 4535 1180 4602 ab
1216 4536 1393 4618 ὡωέῳω.
1483 4592 1484 4663 3
