2958 4938
127 653 543 755 AESCHYLI
618 659 1171 756 TRAGOEDIA

354 960 915 1039 CHOEPHORAE.

392 1272 395 1277 p
521 1199 744 1267 ΙΑΜΒΙ.

71 1389 94 1453 Ι.
104 1408 209 1456 enarr.
223 1343 470 1460 MERCURI
485 1394 652 1471 'terrestris
675 1396 726 1481 qui
740 1413 861 1479 paterna
875 1400 1019 1484 inspectas
1032 1402 1163 1485 imperia,

216 1489 350 1558 Servatur
364 1493 440 1557 milri
454 1493 502 1572 sis,
524 1508 554 1558 et
567 1496 684 1580 adjutor
697 1498 830 1585 roganti3

214 1601 316 1667 Venio
330 1599 413 1664 enim
428 1598 460 1663 in
470 1600 549 1665 hanc
563 1616 681 1682 terram,
696 1619 726 1668 et
739 1621 868 1670 revertor
883 1608 920 1671 ab
931 1608 1026 1671 exilio.

213 1703 264 1767 Ad
277 1723 344 1765 oras
357 1700 465 1765 tumuli
479 1702 547 1766 haec
560 1705 698 1769 renuntio
713 1708 798 1788 patri,

213 1805 258 1869 Ut
270 1801 371 1868 audiat
384 1817 414 1866 ct
426 1804 580 1869 auscultet.
668 1809 689 1850 ³*
778 1808 798 1851 *θ

215 1906 236 1949 tt
345 1905 367 1947 s
475 1901 495 1945 s
603 1907 624 1948 rr

213 2008 235 2051 tr
344 2008 365 2051 ὓ
385 2044 389 2054 ·
471 2028 593 2070 comam
607 2005 723 2072 Inacho
736 2011 889 2076 nutritiam

214 2107 306 2174 Hanc
319 2107 491 2187 sectmdam,
512 2109 592 2172 hanc
607 2109 776 2176 luctuosam

425 2207 445 2251 s
617 2212 638 2254 r
810 2214 831 2257 a

213 2312 319 2393 Quam
332 2333 392 2398 ego
404 2333 467 2374 rem
481 2308 589 2375 rideo?
610 2334 750 2396 quaenam
764 2313 832 2377 haec
847 2328 964 2378 caterva

215 2411 351 2478 Procedit
365 2408 524 2476 mulierum
537 2400 665 2476 vestibus
678 2414 764 2494 pullis
940 2404 946 2411 ’

214 2512 347 2579 Ornata?
368 2513 448 2599 quali
463 2512 624 2578 calamitati
637 2513 696 2577 hoc
711 2514 899 2579 assimilabo?

213 2616 353 2679 Funusne
366 2615 487 2702 aliquod
501 2638 616 2680 novum
631 2615 714 2679 domi
727 2616 852 2681 accidit?

107 2774 111 2779 .
214 2719 267 2783 An
281 2718 356 2801 patri
370 2742 440 2785 meo
453 2718 692 2807 hascesoeminas
707 2719 867 2803 conjiciam

214 2818 338 2885 Inferias
349 2819 434 2899 ferre,
456 2839 646 2887 mortuorum
660 2821 868 2885 delinimenta?

164 2971 172 2994 ,
213 2920 307 2987 ,Haud
321 2921 404 2985 aliter
418 2937 477 2998 est;
500 2923 612 2989 etenim
625 2923 775 2987 Electram
789 2923 914 2987 arbitror

214 3020 356 3087 Incedere
370 3044 504 3088 sororem
517 3046 617 3088 meam
635 3023 718 3087 luctu
733 3023 816 3110 gravi
1192 3042 1204 3086 r
1210 3038 1229 3104 ς

215 3122 433 3204 Conspicuam.
469 3124 502 3190 Ο
511 3124 637 3209 Jupiter,
653 3124 692 3188 da
705 3124 780 3188 mibi
794 3123 896 3188 ulcisci
911 3143 1018 3187 necem

216 3222 320 3299 Patris,
342 3237 371 3285 et
386 3223 460 3286 mihi
475 3225 593 3307 adjutor
606 3239 669 3288 esto
682 3223 794 3288 libens!

215 3323 336 3409 Pylade,
359 3325 556 3388 consistamus
568 3346 711 3400 seorsum,
734 3340 769 3388 ut
782 3347 839 3411 ego
853 3339 936 3387 certo

216 3423 343 3486 Discam
357 3444 498 3507 quaenam
511 3425 580 3488 haec
594 3425 632 3487 sit
645 3425 803 3487 mulierum
819 3425 943 3506 supplex
956 3444 1080 3510 pompa.

362 3628 907 3699 ANTISTROPHICA.

477 3776 799 3844 STROPHEr.

72 3931 163 3989 cnon.
192 3921 311 3987 ²Missa
325 3944 365 3985 ex
378 3920 491 3985 aedibus
505 3941 621 4006 egressa
637 3939 703 3983 sum
1194 3935 1236 3980 ao

217 4020 396 4087 Inferiarum
410 4019 523 4107 praevia
537 4018 692 4083 deductrix
704 4017 851 4104 frequenti
864 4039 1008 4081 manuum
1024 4015 1139 4080 collisu.

102 4207 109 4233 ¹
127 4204 186 4268 Me.
207 4204 416 4271 subtermnis.

101 4311 183 4376 ‘tta
202 4316 320 4397 Egressa
335 4334 396 4375 sum
417 4312 548 4381 edoma,
567 4310 652 4371 missa
671 4329 767 4371 comes
788 4309 962 4388 prosomrrix
982 4307 1143 4367 inferiarum
1163 4309 1239 4386 Aga·

74 4406 195 4467 memnoni
217 4407 405 4477 ferendarum,
428 4405 624 4486 complanctu
644 4419 735 4465 acute
758 4423 864 4469 marrus.
894 4404 923 4462 l.
937 4426 960 4463 r.
982 4407 1094 4462 assiduo.
1150 4403 1237 4465 Gen
