2958 4938
621 303 1002 377 CHOEPHORAE.

384 464 512 528 Mortuo
527 483 610 541 vero,
633 485 695 528 non
710 462 739 526 id
754 460 880 541 curanti,
900 460 1042 526 miserum
1055 459 1240 527 beneficium
1346 478 1412 548 515

383 565 514 629 Missum
528 580 587 629 est:
609 586 671 627 non
686 564 784 628 habeo
797 564 877 628 unde
893 561 1053 647 conjiciam
1067 563 1166 650 qualia
1180 558 1320 627 sinthaec

381 669 523 746 Munera,
543 667 661 732 minora
674 690 746 732 vero
760 682 830 732 sunt
843 665 978 732 crimine.
1050 740 1053 745 ¹

381 768 496 833 Omnia
509 767 592 833 enim
606 769 630 833 si
643 768 709 854 quis
720 768 857 833 effuderit
870 790 925 850 pro
939 767 1083 855 sanguiue

380 872 491 948 Unius,
514 870 608 936 inanis
622 890 666 936 est
678 873 779 948 labor,
802 872 843 936 ita
856 893 887 935 se
900 893 945 935 res
959 871 1058 935 habet.

381 971 534 1055 Cupienti,
549 972 679 1037 simodo
693 973 781 1050 nosti,
802 972 869 1036 baec
884 994 970 1036 narra
984 971 1069 1036 mihi.

210 1093 322 1141 ceron.
375 1075 473 1152 Novi,
494 1073 594 1150 Ofili,
612 1073 693 1137 adfui
708 1073 805 1148 enim;
830 1087 860 1136 et
873 1095 914 1136 ex
926 1072 1083 1136 insomniis

213 4150 324 4203 CHOR·

212 4354 339 4407 ORES'I'·

380 1178 421 1240 Et
434 1176 601 1263 noctivagis
613 1175 754 1238 terriculis
768 1175 902 1257 perculsa

380 1277 505 1342 Inferias
517 1279 606 1340 hasce
621 1276 700 1340 misit
714 1276 768 1339 diis
782 1275 875 1339 invisa
888 1274 1005 1339 mulier.

382 1378 544 1465 Numquid
552 1377 706 1441 somnium
720 1377 809 1440 etiarn
823 1375 983 1454 audivistis,
1005 1377 1046 1440 ita
1059 1390 1093 1441 ut
1104 1388 1185 1440 recte
1197 1374 1350 1441 referatis?

381 1481 486 1545 Parere
501 1480 662 1542 draconem
676 1478 738 1540 visa
752 1494 805 1554 est,
825 1492 859 1541 ut
869 1477 930 1560 ipsa
944 1477 995 1540 air.
1345 1491 1410 1562 525

381 1580 445 1644 Ubi
460 1580 579 1645 tandem
594 1578 660 1643 finit
673 1594 702 1642 et
715 1578 888 1644 terminatur
901 1576 1018 1641 sermo?

381 1682 418 1745 ln
429 1679 526 1744 fasciis
542 1680 631 1743 instar
645 1679 727 1761 pueri
740 1679 881 1744 accedere

380 1783 461 1846 Cibo
475 1782 576 1868 aliquo
591 1781 785 1868 indigentem,
801 1802 903 1844 recens
918 1796 1021 1845 natum
1032 1779 1141 1844 animal
1156 1803 1356 1847 venenosum.

380 1883 392 1949 l
397 1908 449 1966 psa
462 1885 552 1949 etiam
567 1883 702 1947 adhibuit
715 1883 914 1947 mammillam
928 1884 959 1946 in
973 1884 1103 1950 somnio·

380 1985 571 2049 Invulnerata
583 2005 656 2069 ergo
671 2004 734 2046 non
747 1982 833 2065 fuita
847 1984 912 2047 diro
926 1987 976 2049 illo
991 1985 1123 2050 animali.
1345 1976 1413 2073 530¹

379 2086 469 2152 Adeo
484 2102 517 2150 ut
531 2108 603 2149 cum
617 2087 694 2149 lacte
708 2107 850 2172 grumum
863 2087 1015 2173 sanguinis
1027 2088 1175 2154 educeret.

380 2193 457 2255 Non
470 2191 574 2276 utique
587 2191 675 2253 inane
686 2206 730 2254 est
744 2188 799 2252 viri
814 2190 910 2254 visum
924 2191 997 2258 hoc.

379 2292 434 2358 Illa
444 2316 515 2358 vero
529 2295 560 2357 in
573 2294 686 2357 somnis
701 2294 880 2359 exclamavit
892 2295 999 2360 territa.
1064 2378 1067 2387 Α

378 2396 491 2461 Multae
505 2413 605 2460 autem
621 2397 776 2475 intrarunt,
791 2397 932 2462 extincta
947 2398 1085 2479 tenebris,

364 2564 367 2570 .
382 2502 528 2567 Lucernae
542 2501 573 2565 in
587 2501 662 2566 aedes
678 2502 808 2566 dominae
821 2501 926 2589 gratia.

382 2607 480 2671 Mittit
493 2627 563 2669 vero
578 2623 679 2687 postea
689 2595 757 2670 haec
773 2605 908 2672 funebria
921 2606 1076 2686 libamina,

380 2709 560 2775 Remedium
575 2707 639 2773 fore
651 2732 769 2792 sperans
783 2710 862 2774 mala
876 2709 1054 2774 ablaturum.

380 2811 437 2876 Sed
451 2828 535 2877 terrae
550 2811 685 2894 supplico
699 2811 783 2890 huic,
804 2827 835 2877 et
848 2813 936 2877 busto
949 2812 1049 2896 patris,

380 2913 426 2976 Ut
440 2911 592 2975 somnium
608 2914 667 2975 lroc
682 2936 701 2976 a
714 2936 764 2976 me
777 2911 942 2994 perfectum
956 2914 1102 2979 reddatur.

376 3011 488 3097 Judico
502 3033 573 3075 vero
588 3012 616 3075 id
628 3029 827 3098 congruenter
843 3034 874 3076 se
888 3013 1007 3076 babere.

382 3112 412 3175 Si
427 3111 509 3176 enim
522 3111 652 3177 eundem
665 3133 786 3177 mecum
798 3113 902 3177 locum
911 3114 1040 3201 reliquit,

382 3215 564 3299 Serpensque
579 3213 676 3277 fasciis
691 3213 832 3277 omnibus
844 3229 973 3278 armatus
988 3214 1055 3293 fuit,

382 3317 422 3382 Et
435 3315 557 3398 arripuit
571 3315 769 3379 mammillam
785 3338 853 3401 quae
868 3339 917 3380 me
932 3317 1044 3392 nutriit,

381 3419 502 3482 Grumo
518 3439 588 3481 vero
602 3416 754 3502 sanguinis
768 3416 888 3480 miscuit
898 3418 1023 3482 charum
1037 3419 1083 3481 lac
1091 3444 1100 3491 ;

382 3518 437 3583 llla
449 3536 549 3583 autem
563 3519 702 3583 exterrita
716 3518 787 3582 huic
802 3519 883 3583 malo
897 3519 1060 3605 ingemuir3
1344 3530 1403 3604 545

381 3623 511 3704 Oportet
525 3621 615 3709 igitur
626 3623 730 3704 ipsam,
746 3622 1002 3710 quemadmodum
1016 3619 1157 3685 enutrivit
1171 3618 1301 3686 terribile
1314 3619 1375 3685 hoc

467 3740 646 3799 monstrum,

380 3825 468 3914 Mori
480 3842 576 3891 morte
590 3827 730 3890 violenta.
775 3829 872 3892 Instar
888 3826 1025 3893 draconis
1039 3847 1110 3890 vero
1124 3847 1184 3913 ego

382 3927 481 4008 lpsam
496 3925 685 4005 interficiam,
698 3947 732 3993 ut
746 3928 899 3993 somnium
913 3931 974 3994 hoc
989 3927 1095 3992 innuit.

382 4031 433 4096 De
448 4031 494 4095 his
508 4055 579 4096 vero
593 4033 798 4120 prodigiorum
813 4033 1001 4116 interpretem
1016 4049 1043 4099 te
1058 4030 1169 4120 deligo.

382 4129 429 4201 Ita
442 4132 488 4196 sit.
533 4132 650 4197 Caetera
664 4133 768 4197 amicis
781 4133 920 4210 edissere3
1342 4147 1403 4217 550

381 4230 450 4306 Hos
462 4257 558 4298 unum
573 4235 645 4320 quid
660 4251 693 4299 ut
707 4234 828 4312 faciant,
846 4235 903 4304 hos
918 4258 956 4300 ne
971 4233 1041 4322 quid
1055 4230 1176 4311 faciant,
1192 4232 1313 4317 jubens.

384 4336 486 4409 Brevis
499 4334 549 4399 bic
565 4353 609 4400 est
622 4359 731 4400 sermo.
775 4338 867 4401 Hanc
883 4336 1005 4423 quidem
1021 4334 1142 4399 introire
1157 4336 1243 4403 uolo.-

381 4437 499 4499 Hortor
508 4459 580 4501 vero
593 4454 627 4501 ut
641 4437 773 4503 occultet
785 4437 853 4503 haec
868 4460 936 4502 mea
951 4435 1091 4500 consilia:

377 4541 423 4603 Ut
435 4541 487 4626 qui
503 4542 573 4606 dolo
589 4541 789 4608 interfecerint
801 4539 1124 4617 venerantissimum,
