2992 4942
198 352 345 424 NOTAE
366 352 509 426 VARR.
532 352 592 423 ΕΤ
613 352 815 425 BUTLERI
839 351 1131 426 PHILOLOGG.
1211 365 1275 435 ltu

72 507 274 577 declaratum
289 524 370 578 erat.
413 510 525 579 Multo
545 512 649 601 magis
657 511 818 578 attinebat
829 510 947 600 Scyllas
957 535 1089 601 poenam
1101 512 1156 581 hic
1172 514 1275 581 tribus

72 597 1276 688 verbismemorare,quodchorumodiofacinorisinfensum,etnunquam

72 704 135 749 non
158 684 316 751 vindicte
339 687 459 752 divinae
476 686 678 773 cogitatione
694 702 841 752 erectum
856 687 1000 753 maxime
1015 689 1165 755 decebat.
1209 689 1276 755 Sed

93 771 148 836 uid
170 772 353 859 significat,
373 771 571 841 Mercurium
592 795 660 838 mm
683 784 849 839 nummum
869 773 957 838 coer
983 773 1093 860 Vulgo
1109 776 1278 862 accipiunt

72 792 110 921 de
131 873 254 939 morte,
286 860 365 946 quia
403 859 588 926 Mercurius
624 874 674 924 est
710 871 855 941 πομπαῖος,
891 858 1071 929 animarum
1109 859 1278 938 deductum

73 941 223 1010 Pauwius
247 959 360 1011 autem
385 947 427 1012 ad
449 946 652 1012 Mercurium
674 945 838 1012 lucrorum
861 947 1031 1033 praesidem
1046 947 1167 1027 retulit,
1188 947 1278 1033 quod

17 1074 18 1113 3
73 1050 128 1094 cur
150 1029 321 1098 Heathius
346 1034 429 1099 adeo
456 1032 622 1098 fastidiose
646 1049 788 1122 spernat,
818 1054 886 1099 non
914 1033 1020 1100 video.
1075 1032 1161 1100 Cum
1189 1034 1279 1099 enim

74 1116 217 1204 magicus
239 1133 452 1186 memorasset
476 1118 617 1206 Scyllam
640 1141 740 1185 aureo
764 1120 888 1198 monili,
910 1120 1057 1206 adeoque
1072 1119 1153 1186 lucri
1169 1121 1279 1208 potius

17 1252 18 1255 ,
75 1204 271 1303 cupiditate,
307 1227 404 1292 quam
435 1228 547 1271 amore
577 1208 710 1272 ductam
741 1207 915 1293 parricidio
957 1228 991 1272 se
1025 1207 1277 1285 contaminasse,

74 1291 187 1374 quidni
202 1291 336 1357 Chorus
350 1292 415 1359 hoc
430 1315 592 1365 sarcasmo
604 1292 822 1359 narrationem
836 1290 1031 1374 concludat;
1056 1291 1119 1359 Sed
1129 1303 1280 1359 auecutus

16 1424 18 1461 z
75 1385 115 1439 ert
144 1377 249 1478 aprum
280 1378 366 1446 lucro
395 1379 567 1445 inhiantem
604 1378 783 1447 Mercurius
811 1380 965 1445 lucrorum
1017 1402 1112 1461 reru,
1151 1402 1280 1468 cunque

16 1510 19 1549 ἶ
74 1482 163 1548 grone
185 1465 304 1530 damno
319 1468 478 1533 mactavit.
503 1466 661 1534 Scuurz.
706 1465 827 1532 Durius
848 1467 889 1531 ad
905 1464 981 1553 Scyl
995 1489 1061 1547 arn,
1082 1467 1157 1548 hoc,
1179 1489 1280 1554 quam

77 1548 114 1613 ud
136 1550 260 1616 Nisum
276 1552 391 1640 reponi
412 1553 627 1620 crediderim:
659 1552 816 1620 Abscisso
841 1552 931 1619 crine
957 1551 1046 1619 fatali
1071 1553 1170 1620 Nisus
1192 1575 1280 1621 mor·

78 1645 233 1718 tanseat,
266 1652 299 1704 et
332 1640 379 1706 sic
407 1661 483 1706 eum
518 1641 643 1706 invenit
680 1639 866 1706 Mercurius
895 1639 1077 1706 animarum
1108 1640 1279 1708 deductor.

15 1772 18 1811 Ξ
78 1717 153 1820 ῌοο
175 1724 312 1811 planum
335 1739 370 1791 et
395 1726 615 1815 perspicuum.
670 1726 847 1793 Difficilior
870 1725 933 1791 alia
956 1727 1051 1809 ratio,
1083 1739 1118 1792 et
1140 1741 1177 1793 ut
1196 1726 1279 1794 mihi

79 1808 205 1875 udetur
229 1812 328 1878 nimis
350 1813 447 1901 longe
470 1814 584 1902 petita.
614 1813 662 1880 ›S.
682 1814 849 1879 Barnun.

117 1906 148 1971 i.
162 1897 242 1965 624.
267 1914 446 1967 unumne.
493 1899 561 1969 Hic
583 1900 663 1986 quid
686 1901 819 1966 suadeat
841 1898 1015 1967 subaudire
1034 1900 1174 1982 alarimo
1188 1897 1280 1981 (ride

82 1976 205 2063 Schol.)
227 2006 297 2051 non
321 1985 428 2053 rideo.
474 1985 600 2052 Eccum
615 1987 703 2052 enim
719 2008 787 2053 non
801 1986 1008 2052 adsumamtu
1022 1991 1154 2066 priapus,
1178 1992 1216 2050 'ut
1237 1985 1279 2051 ad

13 2136 17 2163 ,
80 2071 223 2155 superius
245 2073 364 2153 δυοφιλὶς
391 2077 559 2154 sapimus.
611 2073 706 2140 ldem
734 2096 802 2139 non
825 2086 907 2161 puto
931 2084 963 2150 γ.
977 2073 1052 2138 622.
1086 2074 1110 2136 rt
1136 2071 1282 2159 positum

13 2196 15 2211 ·
82 2171 137 2238 pro
156 2162 223 2243 sig,
246 2159 327 2241 (vid.
352 2157 480 2240 Schol)
520 2160 585 2227 Sed
607 2168 715 2248 ἀωίςας
737 2163 762 2224 tt
787 2159 991 2238 vertendum,
1013 2179 1193 2247 quanquam
1215 2156 1281 2227 tou
1306 2172 1308 2187 “

13 2306 14 2317 ,
80 2258 139 2309 ton
159 2245 332 2327 commodo,
355 2248 446 2333 quod
469 2262 545 2314 ante
569 2249 681 2317 omnia
703 2247 783 2315 facti
808 2259 874 2312 tam
900 2248 1020 2314 atrocis
1033 2247 1161 2311 mentio
1176 2243 1281 2311 iuerat

82 2322 241 2398 iacienda.
284 2331 480 2400 Auruncu.
838 2390 841 2397 ,

12 2474 17 2505 ,
91 2456 95 2465 ·
121 2427 151 2489 r·
166 2417 246 2484 6⁴28.
269 2433 447 2485 urouuou
467 2436 628 2486 suurn.
673 2419 740 2487 Pro
764 2422 876 2500 aaut.
895 2420 969 2482 sart
987 2417 1102 2501 alffius,
1125 2416 1172 2483 sic
1192 2427 1283 2485 recte

13 2552 17 2589 ;
85 2494 274 2584 Graculum
308 2518 342 2571 et
372 2519 462 2573 arcte
499 2506 720 2593 copulandum
758 2513 827 2575 telas
858 2509 1000 2582 marrim
1036 2507 1123 2582 δάμω,
1158 2501 1283 2571 Vestam

12 2638 16 2676 p
75 2581 270 2671 sentiacam,
292 2613 359 2657 nou
384 2593 518 2658 Vestam
545 2594 670 2658 virilem
694 2606 728 2657 et
751 2593 869 2675 iugulas,
892 2611 964 2677 quae
980 2589 1042 2654 nisi
1058 2589 1152 2655 hasta
1167 2589 1283 2671 valeat,

12 2724 16 2763 Ι
85 2677 314 2745 contemnitur.
359 2677 498 2766 Elegaus
520 2697 570 2745 est
593 2679 755 2745 sententia
776 2677 866 2742 etad
882 2698 949 2741 rem
966 2676 1126 2764 apposita.
1172 2675 1207 2741 Si
1222 2683 1283 2748 tela

12 2810 15 2851 ,
87 2753 339 2845 Clytaemnestra
370 2765 484 2831 fuisset
511 2768 622 2846 ἄτολμός
648 2764 764 2848 alpais,
794 2762 928 2828 maritus
957 2784 1024 2828 non
1053 2762 1213 2849 periisset,
1247 2774 1284 2833 et

12 2878 16 2937 ξ
87 2841 198 2914 domus
213 2872 283 2916 non
300 2851 466 2917 incidisset
481 2853 514 2918 in
531 2852 731 2927 calamitates
747 2849 968 2938 gravissimas..
997 2849 1122 2914 Pruw.

12 2980 15 3019 Ξ
91 2947 156 3009 ιν.
171 2937 249 3003 634.
280 2953 427 3031 rromrq
491 2951 583 3024 nquam
608 2950 684 3018 strar,
716 2934 862 3002 mortales
892 2935 1033 3022 quilibet,
1066 2937 1189 3022 absque
1215 2934 1282 3002 ullo

12 3068 14 3109 ‚
87 3013 294 3105 discrimine3
328 3023 380 3089 Ita
401 3021 499 3102 γἰνικῦς
526 3024 783 3113 intelligendum.
816 3022 944 3089 Pauw.
994 3021 1282 3089 Constructionem

88 3096 180 3190 hujus
201 3109 268 3176 loci
291 3108 358 3176 non
381 3112 519 3177 assecuti
546 3127 621 3176 sunt
647 3112 858 3199 interpretes.
900 3118 992 3190 Βςοτᾶι
1014 3109 1138 3207 regitur
1159 3130 1282 3259 apim*

89 3193 248 3274 positione
275 3201 325 3260 tal
357 3199 593 3264 subintellecta.
649 3198 735 3263 Vide
767 3196 858 3261 Bosii
883 3194 995 3284 Ellips.
1026 3195 1136 3262 Graec.
1212 3205 1284 3260 erte

89 3291 206 3361 tutem,
232 3280 422 3351 Calamitotc
443 3306 515 3350 uero
535 3306 572 3349 er
593 3283 720 3350 deorum
742 3282 810 3348 odio
833 3293 904 3348 ortu
918 3281 1019 3368 periit
1030 3305 1128 3370 genus
1142 3280 1227 3349 istud
1240 3282 1283 3348 ud

89 3358 260 3434 louinidur
281 3370 476 3437 detestatum.
520 3370 666 3437 Heuru.

129 3456 251 3528 t.637·
281 3474 328 3521 To
361 3465 395 3521 s'
420 3474 501 3523 urxr
531 3472 772 3523 nnerraorrtru.
829 3453 914 3519 Haec
950 3474 1018 3520 uon
1055 3454 1203 3521 universe
1240 3453 1282 3520 ad

87 3530 219 3618 justitiae
237 3542 407 3621 ultionem,
430 3544 485 3608 sed
500 3544 540 3608 ad
558 3544 659 3631 ipsam
679 3541 935 3629 clytaemnesrrae
952 3555 986 3604 et
999 3538 1142 3638 AEgisthi
1160 3540 1283 3606 cadem

91 3622 130 3686 ab
151 3625 268 3694 Oreste
290 3630 329 3696 iis
353 3629 552 3698 inferendam
581 3631 775 3717 diriguntur.
829 3626 907 3692 June
934 3647 1007 3691 uero
1037 3648 1072 3691 ru
1099 3649 1133 3693 eo
1159 3636 1215 3707 cst,
1249 3637 1286 3693 ut

91 3725 180 3777 tenus
222 3714 324 3781 ludius
337 3716 465 3783 aduersu
481 3739 585 3782 eorum
597 3726 724 3802 pectora
739 3713 918 3800 tranfigut.
941 3712 1104 3779 Sarsura.
1146 3713 1285 3778 Sensum

93 3789 185 3882 hujus
198 3737 271 3868 loci
296 3802 548 3891 pulcherrimum
573 3802 733 3890 expressit
758 3798 944 3870 Dotheilius
966 3801 1021 3885 qui
1046 3820 1158 3865 vereor
1174 3812 1285 3866 tamen

92 3894 127 3946 tlt
147 3907 188 3953 ex
211 3888 337 3956 Graccis
360 3890 481 3977 ubique
505 3889 615 3977 colligi
640 3890 752 3977 possit.
803 3885 851 3952 Le
876 3883 981 3973 glaiue
1003 3885 1173 3951 transient
1193 3885 1231 3951 de
1251 3884 1288 3961 Io

92 3988 258 4060 aengeauce
279 3975 368 4041 tutu
387 3997 441 4039 sur
462 3976 512 4041 der
529 3975 601 4042 titas
615 3996 671 4040 rou
691 3974 785 4040 ables.
831 3969 876 4037 Ca
891 3970 966 4037 u'est
976 3973 1068 4060 point
1080 3971 1286 4060 impuniurenl

95 4054 182 4138 qu'ou
202 4060 300 4149 faule
331 4080 396 4127 uua
421 4062 510 4148 ‘puds
539 4072 636 4128 toutes
666 3999 707 4126 lis
732 4060 807 4127 loir.
852 4056 905 4124 Lu
935 4059 1061 4147 majest&
1090 4058 1128 4124 de
1157 4057 1289 4143 Jupiter

98 4222 147 4293 Lo
169 4232 300 4324 Parque
321 4235 438 4322 arguite
464 4233 493 4300 le
537 4257 581 4315 er,
603 4245 632 4300 et
659 4232 782 4301 romine
807 4254 850 4297 un
867 4228 926 4317 fils
953 4230 1030 4297 doru
1054 4241 1131 4299 cette
1158 4231 1290 4297 manau.

98 4308 294 4411 &ynam
338 4325 370 4387 ui
402 4321 470 4387 rien
492 4321 595 4389 niella
637 4370 665 4401 „
694 4322 778 4386 cient
805 4315 973 4386 demunder
996 4329 1121 4415 compte
1141 4315 1185 4385 du
1207 4338 1288 4405 sang

97 4406 301 4564 uqueqqois
354 4428 397 4495 ng
419 4417 522 4498 temps.
567 4407 602 4473 S.
652 4427 792 4474 urana.
841 4495 853 4521 Ι
1146 4468 1150 4475 .

158 4537 166 4555 .
246 4508 496 4563 .ΔιΑΝτΑιΑκ.
539 4494 606 4571 Pro
620 4499 750 4559 namt„
763 4514 873 4576 auur.
904 4489 1033 4562 Ptutr.
1077 4487 1237 4573 &meuc

97 4585 154 4659 Q,
176 4585 248 4651 ast
264 4583 397 4650 δικαίη
416 4585 467 4652 tta
488 4592 582 4654 eiras.
623 4581 780 4654 Hectit.

95 4159 114 4203 a
134 4142 179 4210 tte
201 4146 464 4247 outrugr'tejmais
486 4148 724 4348 lcVondemens
739 4147 777 4211 de
790 4168 825 4211 su
830 4144 947 4234 justice
960 4155 1029 4211 sont
1044 4142 1283 4211 iuibrnnlalrles.
