2924 4936
458 305 845 392 cnosenonn.

226 464 275 537 Ad
289 488 329 550 te,
350 471 428 552 9ίὶΙί,
443 475 544 540 matris
558 499 678 556 vocem,

226 574 266 638 Et
278 573 390 656 perfice
404 579 559 662 querulam
572 578 745 656 vindictam,

227 674 384 762 Perseique
398 675 545 744 inanimo

224 777 290 851 Cor
302 780 407 857 retine,

223 875 264 943 Iis
276 897 379 945 autem
392 897 423 947 et
436 881 489 968 qui
501 881 556 946 sub
570 888 646 948 tetta
659 896 729 949 tunt
740 869 889 961 benevoli,

223 979 263 1043 Et
276 980 330 1066 qui
342 982 484 1063 superius,
506 983 630 1048 reddens

224 1080 283 1144 Pro
297 1083 393 1168 gratia
406 1082 499 1148 tristes
511 1083 577 1164 iras,
592 1084 673 1150 intus

223 1184 357 1250 Fatalem
369 1185 531 1252 vindictam
546 1200 557 1231 ¹
564 1189 719 1267 cohibens,

222 1285 393 1353 Auctorem
406 1311 478 1355 vero
491 1289 573 1355 necis
586 1291 731 1356 interime.

543 1490 737 1559 IAMBL

26 1720 27 1723 Ἴ
76 1626 119 1699 IV.
134 1655 249 1703 temer.
263 1637 369 1704 Venio
383 1638 505 1725 quidem
517 1661 581 1704 non
595 1639 762 1717 invocatus,
777 1638 855 1703 seda
869 1639 983 1704 nuncio
992 1638 1205 1723 compellatus:

26 1728 27 1741 ¹
221 1744 349 1808 Novum
363 1766 516 1810 rumorem
527 1766 600 1809 veto
612 1743 702 1809 audio
715 1743 862 1830 quosdam

220 1846 363 1927 Hospites
372 1846 562 1913 adventantes
574 1846 660 1924 ferre,
675 1845 800 1911 minime
813 1844 988 1927 optandum,
1174 1843 1238 1928 840

221 1948 357 2011 Mortem
372 1947 495 2013 Orestis.
539 1951 612 2013 Hoc
626 1968 761 2035 spargere
775 1946 807 2011 in
822 1933 945 2025 adibus,

221 2049 286 2112 Fiet
298 2071 375 2113 onus
388 2049 515 2113 terribile
528 2049 604 2113 caedi

219 2148 315 2213 Priori
328 2151 468 2215 ulceratae
483 2165 512 2214 et
526 2148 685 2214 mordenti.

221 2251 392 2333 Quomodo
404 2251 472 2317 haec
486 2272 555 2317 vera
568 2267 598 2316 et
612 2253 673 2317 visa
688 2251 875 2319 existimem?

218 2353 270 2417 An
285 2353 385 2435 potius
398 2376 417 2417 a
430 2352 601 2417 mulieribus
616 2376 654 2418 ex
669 2354 776 2418 timore
790 2353 930 2436 concepti
944 2374 1078 2420 rumores
1090 2351 1123 2416 hi
1171 2348 1214 2434 84
1217 2367 1235 2436 5

220 2454 368 2520 Sublimes
380 2455 530 2533 exsiliunt,
550 2454 687 2520 morituri
700 2453 818 2520 statim?

219 2556 307 2638 Quid
320 2581 360 2623 ex
372 2558 419 2622 his
433 2573 517 2641 potes
525 2557 684 2623 manifesto
698 2556 819 2643 eloquil

24 2642 25 2653 ἵ
84 2673 90 2685 ’
161 2704 168 2721 .
218 2658 400 2724 Audivimus
413 2659 552 2745 quidem:
575 2674 608 2723 tu
622 2673 722 2723 autem
735 2658 867 2740 hospites
880 2640 1031 2742 interroga

219 2755 303 2819 Intus
315 2753 476 2837 profectus.
520 2756 597 2821 Non
611 2753 693 2819 enim
706 2753 781 2818 adeo
796 2755 895 2818 valent
909 2752 1024 2830 nuncii,

219 2855 270 2921 Ac
281 2856 305 2920 si
319 2857 365 2920 vir
377 2857 438 2940 ipse
452 2857 489 2921 de
502 2856 548 2921 his
561 2856 732 2942 interroget.
1172 2853 1236 2940 850

167 3005 175 3023 .
216 2959 329 3024 Videte
343 2972 374 3023 et
386 2958 534 3045 inquirere
545 2961 618 3023 volo
630 2980 670 3023 ex
684 2957 809 3038 nuncio,

217 3061 332 3124 Utrum
345 3059 406 3141 ipse
420 3060 558 3124 morienti
570 3081 664 3142 prope
677 3059 778 3137 astitit,

217 3163 283 3227 Aut
295 3163 334 3225 ab
349 3163 475 3227 obscura
486 3160 568 3226 fama
580 3161 703 3226 edoctus
716 3159 814 3225 referti

215 3266 421 3354 Nequaquam
436 3279 569 3330 mentem
583 3264 709 3347 decipiet
722 3263 883 3328 oculatam.

471 3469 809 3536 ANAPAESTI.

72 3628 162 3691 lton.
211 3625 338 3712 Jupiter,
348 3627 474 3713 Jupiter,
489 3625 560 3712 quid
573 3624 683 3701 dicam,
696 3622 774 3688 unde
786 3619 937 3705 incipiam,
1171 3617 1191 3683 8
1194 3639 1211 3702 5
1214 3637 1234 3705 5

216 3730 297 3793 Haec
313 3748 401 3792 orans
415 3743 445 3792 et
459 3718 679 3814 ingemiscens?

216 3829 268 3895 Ob
282 3824 522 3894 benevolentiam
536 3844 609 3893 vero

215 3932 386 4012 Quomodo
399 3946 469 4018 quae
482 3918 551 3994 dico
564 3926 737 4014 perficiam?

104 4029 107 4037 “
215 4034 312 4099 Nunc
326 4035 409 4099 enim
423 4033 531 4100 futurae
546 4049 615 4100 sunt
629 4033 752 4117 pollutee

213 4139 306 4203 Acies
320 4139 470 4204 securium
484 4136 838 4213 homines-domandum,

211 4242 279 4308 Aut
292 4245 421 4308 omnino
434 4244 543 4309 afferre
557 4241 812 4332 Agamemnonio:

213 4345 333 4411 Domui
348 4346 499 4412 interitum
513 4346 544 4410 in
559 4360 746 4430 perpetuum,

99 4541 175 4614 ’Me
194 4547 262 4623 Fili,
282 4571 390 4614 nomen
404 4551 501 4635 patris.
646 4625 682 4690 N
807 4551 815 4580 ¹
836 4538 1074 4654 Mssxercens.
