2992 4942
216 308 279 400 raa
534 329 634 437 ⁴aar
671 328 1088 398 cnoaanonas

256 488 374 565 acta6.
397 498 516 557 anara'
531 505 599 555 aro
622 504 800 555 sosarnus
822 501 1006 553 onomata.
1031 486 1202 553 Sententia
1221 490 1402 574 gravissimi

213 596 324 640 sensus
353 589 387 641 et
418 574 555 641 affectus
574 574 688 664 plena.
744 572 803 639 Vel
832 588 970 640 mortem
1002 596 1066 638 nou
1099 575 1269 656 detrectat,
1306 578 1404 657 modo

213 674 338 749 patrem
362 663 446 727 ultus
472 663 579 738 fuerit,
609 664 676 727 imo
702 663 791 726 caede
820 661 932 733 matris
963 674 1147 748 perpetrata
1173 676 1314 728 mortem
1345 664 1406 729 sibi

212 770 234 811 o
259 748 391 813 tabilem
415 751 613 835 pronuntiat.
645 749 801 813 Scaurz.
848 748 938 821 Quid
963 748 1005 811 sit
1029 752 1150 827 νοσφίσας
1174 749 1243 837 ipse
1272 751 1408 816 docebit

212 772 397 922 AEschleS,
420 847 451 911 tl.
464 845 538 911 490.
563 846 680 915 Μέμνησο
706 847 797 919 tarpeia
821 834 856 907 οἷς
879 838 1030 912 ἐνοσφίσθης,
1059 836 1156 916 mairie.
1199 835 1266 900 Ubi
1294 837 1408 904 Schol.

212 919 471 995 redditaetlam.
517 922 630 1009 Itaque
655 929 786 1003 neptem,
822 920 854 987 h.
876 920 897 985 l.
925 935 984 999 est,
1016 942 1084 985 eum
1113 920 1308 1010 interfecero,
1340 948 1408 992 cum

211 1006 276 1072 uita
294 1017 426 1074 matrem
434 1008 611 1094 privavere,
633 1008 695 1096 ipse
704 1029 841 1094 peream.
888 1006 921 1072 S.
938 1002 1105 1072 Bartae.

252 1102 689 1170 17.487.EMA2xAA12a)H2.
737 1094 842 1159 Locus
866 1106 915 1158 est
940 1093 1107 1181 Apollonii
1131 1093 1283 1160 classicus
1306 1118 1406 1184 quem

191 1178 312 1246 'miror
344 1181 567 1248 doctissimum
596 1181 774 1247 Stanleium
811 1202 877 1244 uon
914 1179 976 1244 huc
1012 1180 1167 1248 retulisse.
1225 1181 1407 1269 Absyrtum

211 1265 365 1338 slasane
379 1276 596 1352 μασχαλισθίπσ
611 1269 807 1347 describens,
830 1266 1012 1353 Argonaut.
1028 1266 1088 1332 IV.
1104 1268 1180 1338 476.
1203 1266 1256 1334 ille
1272 1271 1333 1352 ait,

380 1373 445 1444 Ὀξὺ
467 1373 492 1433 li
514 1371 690 1451 norimberg
713 1372 776 1451 λέξῃ
796 1371 842 1430 llo
864 1372 912 1431 rior
933 1373 1007 1451 ἴςιξιν

382 1460 504 1537 ‘osquam
527 1459 616 1529 martie
635 1457 749 1535 tuopte»
772 1459 836 1536 ἰᾎγον
860 1456 974 1538 'Eparia

377 1547 456 1628 Ἥςως
478 1545 506 1605 δ’
521 1546 650 1615 Aieerr'im
670 1544 826 1626 ἐξάργματα
846 1542 925 1621 rripit
948 1546 1068 1620 latitare,

365 1635 440 1713 ‘Tale
460 1631 490 1692 δ’
506 1634 622 1705 aalma&
645 1636 716 1711 pire,
737 1632 789 1712 agir
810 1629 879 1701 ili}
899 1630 962 1705 iiras
986 1628 1078 1693 iwcc’
1092 1629 1198 1708 iliram,

382 1722 419 1780 Ht
440 1721 507 1793 θέμις
530 1721 658 1804 αὐθέντῃσι
682 1716 848 1786 δολοκτασίας
870 1718 1006 1780 tutantes.
1194 1713 1228 1780 S.
1245 1713 1404 1782 BUTLER.

251 1858 282 1916 r.
297 1845 371 1904 488.
397 1852 558 1903 Elaeam
584 1845 618 1901 Δ·
634 1850 729 1900 Anae
751 1850 827 1898 urta.
865 1834 917 1899 Ad
933 1838 999 1920 ἕσις
1012 1837 1203 1901 subauditur
1218 1838 1403 1924 praepositio

208 1926 290 2005 κατὰ,
314 1938 349 1988 ut
371 1947 436 1990 vox
462 1923 524 1989 ista
549 1923 663 1988 eadem
694 1921 932 2009 significatione
961 1921 1017 1986 hic
1043 1924 1184 2011 gaudeat
1210 1946 1249 1988 ac
1277 1928 1402 2009 κσθσίσσς.

210 2012 320 2163 garta,
335 2011 379 2076 ael
397 2033 538 2076 nomam
551 2030 743 2076 ceroeoram
759 2028 827 2096 que
836 2017 1019 2095 perpetrata
1035 2021 1088 2090 eat,
1104 2012 1151 2074 ita
1169 2028 1239 2074 eam
1253 2010 1402 2097 sepelivit.

252 2118 365 2163 anan.

252 2193 371 2261 meaa.
405 2199 619 2248 auarrou
652 2197 792 2246 araur
826 2196 905 2246 ror.
953 2178 1075 2247 cadem
1096 2179 1406 2267 efficereaotemin-

209 2269 402 2336 tolerabilem
427 2270 549 2334 tritaet
573 2270 659 2333 atati
681 2279 751 2347 tae,
785 2283 822 2331 ut
847 2267 1018 2333 atrocitate
1045 2270 1143 2332 caedis
1165 2282 1197 2333 te
1220 2292 1277 2356 per
1301 2285 1403 2336 totam

207 2358 308 2422 vitam
332 2369 518 2443 torqueret3
542 2367 576 2420 ut
599 2356 702 2419 cades
724 2369 818 2418 atrox
842 2368 874 2419 te
888 2356 1050 2419 eructaret
1066 2357 1107 2419 aa
1123 2368 1261 2421 mortem
1279 2378 1403 2444 usque;

207 2443 368 2509 Stanleius
390 2445 431 2508 de
452 2443 577 2508 insidiis
604 2442 731 2508 structis
757 2442 831 2505 vitm
858 2440 983 2505 Orestis
1008 2462 1175 2529 perperam
1202 2443 1348 2531 accipit3
1370 2446 1402 2510 id

208 2532 280 2617 ipsa
306 2531 469 2596 connexio
499 2531 629 2618 probat,
661 2536 732 2613 algo·
761 2548 840 2591 rnna
871 2528 1017 2593 similiter
1052 2530 1193 2593 occurrit
1222 2531 1263 2594 de
1297 2548 1403 2596 morte

207 2619 318 2705 patris.
345 2617 472 2683 Pauw.
518 2616 627 2698 Verte,
651 2616 774 2680 Sortem
788 2615 848 2679 tibi
863 2614 968 2702 cupide
978 2615 1161 2681 machinata
1176 2615 1401 2683 intolerabilem

208 2705 294 2769 atati
308 2714 385 2768 tare:
412 2704 605 2790 Pauperiem
620 2703 689 2769 scil.
706 2718 740 2766 et
754 2699 899 2766 exiliunt.
946 2700 1097 2769 Hsa'rH.

251 2798 748 2867 r.441.r<nre1snarrorora
772 2802 1012 2854 arnnnruorr.
1067 2793 1213 2873 uagata
1239 2789 1296 2855 hic
1326 2813 1402 2857 cum

208 2876 356 2964 emphasi
382 2876 502 2941 dicitur
533 2876 574 2939 de
602 2874 718 2941 Oreste
748 2888 783 2938 et
812 2872 961 2952 Electra3
990 2885 1143 2960 patemus,
1175 2876 1231 2962 qui
1262 2898 1283 2940 a
1312 2898 1404 2965 patre

207 2980 304 3043 sunt,
328 2962 397 3027 Nos
412 2962 468 3048 qui
482 2984 501 3025 a
516 2975 607 3048 patre
622 2983 742 3040 sumus,
764 2974 797 3024 et
813 2975 920 3048 partes
934 2961 1098 3047 sequimur
1113 2964 1234 3048 patris,
1258 2962 1403 3051 Chryso·

207 3048 325 3114 themis
360 3048 447 3112 enim
477 3050 585 3132 μῆτςῳσς
612 3066 644 3111 et
684 3063 820 3110 inatrem
858 3046 990 3134 ejusque
1020 3048 1200 3113 adulterum
1237 3051 1401 3136 sequitur3
1434 3086 1439 3097 ·

206 3138 359 3215 lacertam,
381 3156 446 3197 nou
468 3133 659 3221 simplicitet·
684 3141 787 3213 σίσίμσς,
822 3133 876 3197 sed
899 3156 974 3198 curn
997 3134 1221 3200 additamento
1248 3140 1402 3217 lacertam.

206 3222 260 3287 Ita
282 3221 456 3286 commode
481 3220 551 3285 haee
568 3221 674 3306 accipi
691 3235 836 3307 possunt.
861 3219 984 3284 Pacu.
1029 3220 1139 3299 Verte,
1163 3221 1401 3290 Audiseaimios

194 3307 266 3395 fide
292 3330 368 3395 erga
383 3316 508 3393 patrem
531 3328 723 3393 quotcunque
746 3307 870 3394 ingrate
895 3305 1060 3372 bonoribus
1082 3317 1287 3375 ermoa-
1336 3311 1401 3378 Hic

206 3394 431 3482 interpellante
448 3392 575 3472 Oreste,
592 3392 726 3457 Electrae
743 3415 849 3456 sermo
864 3415 957 3457 sensu
974 3393 1167 3479 imperfecto
1183 3397 1400 3483 abrumpitur,

205 3483 283 3547 alias
306 3482 377 3546 haec
399 3479 520 3558 forsan,
542 3492 598 3544 aut
624 3502 690 3544 non
716 3479 853 3542 multum
879 3479 1039 3543 absimilia
1061 3494 1157 3566 prout
1179 3504 1220 3545 ex
1245 3485 1401 3559 orationis

205 3592 307 3657 scopo
331 3583 364 3633 et
390 3567 471 3632 serie
516 3589 552 3631 ar
566 3578 614 3631 est
630 3566 773 3645 credere,
796 3564 1110 3650 subjuncturae,--
1131 3567 1187 3631 aab
1209 3568 1402 3636 inimieorum

194 3658 279 3747 jugo
300 3676 431 3744 gemere.
505 3673 616 3718 aare.
661 3652 745 3743 Haep
770 3674 868 3737 quam
895 3652 975 3716 falso
1001 3654 1043 3716 ab
1059 3667 1196 3740 utroque
1212 3658 1403 3745 excogitata

205 3744 338 3821 fuerint,
360 3741 435 3807 vide
449 3741 483 3805 in
500 3739 597 3805 Notis
616 3736 822 3804 Varr.‘Critt.
866 3738 901 3804 S.
917 3739 1080 3803 Barnea.

247 3837 367 3907 macta.
392 3842 511 3892 ornata
533 3840 632 3891 asta.
678 3824 833 3892 Similiter
859 3826 1004 3914 queritur
1028 3824 1158 3891 Electra
1185 3827 1274 3914 apud
1299 3829 1398 3919 Soph.

207 3912 327 3983 Electa
350 3926 380 3992 r.
399 3921 471 3987 190.

419 4017 499 4080 Ἀλλ’
514 4018 578 4098 ἄπες
604 4023 624 4077 ti
647 4042 685 4083 vta
707 4016 811 4093 inerrat,
833 4019 929 4091 αἰκξῖω

419 4113 543 4182 Οἶκοιομῦ
564 4102 688 4179 θαλάμοις
710 4104 818 4183 margia,
839 4106 881 4166 aiis
901 4107 946 4184 pir

418 4192 519 4254 ’Arreti‘
534 4190 578 4251 cir
601 4191 666 4270 ςολᾷ

419 4287 511 4348 Keraia
530 4276 557 4336 θ’
572 4280 698 4356 ἔφῖςαμαι
721 4274 869 4358 recalceate.
999 4274 1160 4340 Sonare.

249 4399 369 4470 t.445.
397 4400 518 4458 Μήιον
552 4391 587 4452 Δ’
609 4402 808 4454 antemos.
868 4389 1019 4480 Virgines
1055 4405 1147 4458 erant
1183 4392 1218 4456 in
1255 4394 1400 4463 interiori

207 4481 330 4562 domo,
351 4493 385 4545 et
400 4480 451 4559 ibi⁴
461 4478 625 4566 degebant
638 4498 658 4540 a
673 4475 760 4563 vulgi
777 4476 879 4542 oculis
893 4494 1045 4559 remotae3
1067 4480 1146 4567 quid
1162 4479 1263 4567 igitur
1278 4482 1401 4550 factum

208 4566 365 4636 Electrae?
408 4565 582 4655 Virginum
606 4563 754 4632 conclavi
770 4563 903 4632 excluse
918 4578 956 4634 ut·
976 4567 1065 4634 canis
1080 4566 1181 4634 noxia
1195 4566 1229 4634 in
1244 4567 1318 4659 ipsa
1330 4570 1398 4637 aula
