2992 4942
145 398 149 406 ·
215 376 356 446 norm
378 372 519 443 vnnn.
543 373 600 441 ur
622 370 823 445 nuruum
849 364 1139 440 rnruouooo.
1217 374 1281 444 no
1305 446 1311 457 ,

12 584 15 593 ,
84 554 161 601 usus
176 533 546 686 ininterrogationibus,
564 552 661 618 quem
676 530 855 595 luculenter
869 529 1022 614 exposuit
1038 526 1280 614 Hoogeveenus

7 662 15 681 ..
85 620 120 684 iu
155 618 316 687 Doctrina

372 643 390 684 e
426 618 591 707 particulis
631 616 769 682 Graecis.
831 615 994 682 Nimirum
1026 613 1155 679 Electra
1183 612 1281 676 verba

87 706 215 771 Orestis
237 711 303 791 νῦχα
322 708 358 770 ναὶ
380 706 458 770 nosci
485 704 659 794 respiciens
681 703 809 790 quaerit,
842 698 1100 788 Quandoquidem
1131 699 1178 764 uir
1205 698 1283 763 milri

75 795 155 880 jum
177 793 215 857 dc
236 794 371 881 reliquis,
392 813 460 881 quc
486 802 587 891 optem
612 790 682 855 deor
710 787 867 854 adeundos
892 809 961 864 ene,
984 786 1067 851 dicos
1092 787 1168 852 milri
1191 786 1283 853 uelim

10 914 17 941 ν
87 879 169 967 quid
179 881 254 966 jorn
276 903 296 944 o
321 878 448 944 deorum
471 899 597 943 nrrmrne
618 888 754 942 assecuto
769 873 854 939 nm?
884 874 990 938 Latini
1008 896 1066 960 pro
1081 878 1136 936 ind
1151 874 1185 938 in
1199 875 1284 961 ejus-

87 965 181 1029 modi
216 964 524 1054 interrogationibus
552 976 681 1051 ponunt
711 983 805 1033 nom:
841 975 878 1024 ut
917 959 1048 1024 Plautus
1087 959 1284 1046 frequenter.

6 1056 17 1141 l
89 1050 241 1116 Breviter
273 1054 382 1138 itaque
405 1052 452 1116 sic
472 1051 656 1118 reddendus
685 1064 733 1115 est
763 1045 955 1112 versiculus:
994 1044 1081 1111 Nom
1109 1046 1187 1134 quid
1210 1050 1286 1137 jum

6 1164 17 1206 r

6 1251 17 1293 r

5 1339 17 1380 u

5 1427 18 1469 ιι

6 1512 18 1554 Ι

5 1582 17 1644 i

86 1158 195 1203 eorum
211 1160 278 1225 quc
291 1148 416 1224 precato
432 1158 507 1217 sum,
529 1161 550 1201 o
570 1135 642 1205 Diis
656 1131 847 1222 impetravi?
883 1133 1044 1198 Sonurz.

134 1235 166 1301 γ.
185 1225 262 1289 216.
295 1240 361 1289 KAI
395 1239 488 1288 neor:
519 1240 556 1287 TI
586 1238 693 1289 nnus.
751 1225 820 1305 Πςός
849 1227 875 1283 cl
903 1219 937 1284 h.
966 1240 995 1284 e.
1026 1218 1189 1307 quomodo,
1222 1243 1287 1308 qua

115 1310 255 1375 robabili
278 1311 403 1376 ratione
429 1309 663 1375 interveniente
685 1330 749 1395 ego
773 1320 922 1372 votorum
950 1328 1086 1393 compos
1103 1307 1163 1370 sim
1180 1308 1287 1374 facta?

124 1397 210 1484 nrip.
234 1395 352 1463 Helen.
375 1408 406 1473 rt.
422 1396 499 1462 463.
529 1401 595 1481 Πςδς
620 1397 664 1459 νίν·
687 1398 779 1479 sterile
802 1394 843 1472 1t;
871 1406 906 1457 et
930 1392 1032 1480 Soph.
1062 1391 1117 1478 Aj.
1141 1402 1286 1469 y.1089.

92 1488 162 1566 1193,
183 1485 236 1545 ut.
257 1497 291 1555 ιις
313 1488 358 1564 ign
379 1486 522 1564 θνμέμνννς,
557 1504 617 1571 pro
638 1483 673 1545 δι’
689 1484 751 1545 sn».
783 1478 978 1544 Annuscn.
1024 1478 1100 1544 Non
1145 1480 1289 1561 uomodo,

93 1581 132 1633 ut
147 1567 347 1634 Abreschius
361 1570 510 1655 exponit,
531 1570 587 1634 sed
602 1576 754 1655 quatenus
769 1565 956 1631 vertendum
973 1580 1033 1630 est.
1067 1566 1102 1630 S.
1118 1502 1287 1632 Eurnnn.

138 1665 171 1732 γ.
186 1663 262 1721 228.
285 1671 407 1720 Arnon
431 1672 516 1723 Meu.
562 1655 679 1720 Recte
696 1652 827 1721 Orestes
852 1653 997 1732 miratur,
1021 1651 1194 1732 Electrum,
1216 1676 1290 1741 quae

11 1742 14 1751 ’
96 1754 195 1805 antea
215 1742 278 1806 leui
302 1742 426 1807 indicio
454 1755 622 1807 commota
647 1752 830 1828 speraverat
859 1738 1010 1804 Orestem
1036 1740 1171 1820 venisse,
1201 1762 1290 1806 nunc

97 1848 174 1891 cum
198 1828 208 1890 i
234 1851 304 1892 sum
333 1828 437 1893 oculis
462 1829 527 1892 suis
544 1828 664 1906 rideat,
687 1826 846 1891 dubitare.
891 1825 964 1891 Neo
979 1838 1088 1890 tamen
1104 1828 1288 1914 negandum

97 1927 148 1977 est
225 1914 373 2001 schylum
403 1915 436 1978 h.
461 1913 483 1980 l.
507 1936 613 1978 veram
638 1935 788 1983 sensuum
814 1912 1029 1976 humanorum
1059 1928 1206 1977 naturam
1233 1935 1292 1978 ex·

4 2024 5 2035 ¹
98 2000 262 2086 pressisse.
308 2000 363 2065 Fit
385 2002 474 2065 enim
501 2015 779 2088 saepenumerout
794 1998 920 2063 animus
936 1999 1045 2087 magni
1061 1999 1197 2084 alicujus
1212 2001 1292 2065 boni

100 2085 264 2150 desiderio
298 2088 448 2174 flagrans,
483 2087 515 2151 id
548 2088 653 2174 ipsum
683 2085 787 2150 multo
820 2084 952 2171 propius
975 2098 1032 2149 aut
1068 2084 1194 2151 facilius
1223 2107 1293 2152 esse

99 2169 215 2258 fingat,
236 2194 335 2260 quam
363 2194 472 2238 revera
495 2174 538 2238 sit
555 2187 612 2238 aut
633 2172 702 2238 fieri
725 2171 849 2258 possit;
870 2171 958 2236 idem
973 2189 1082 2236 tamen
1094 2190 1231 2273 repente
1247 2173 1293 2251 id,

2 2282 6 2321 ν
100 2259 189 2342 quod
211 2259 359 2324 uinfieri
382 2280 481 2347 posse
509 2260 692 2338 arbitratur,
715 2274 890 2339 assecutus,
920 2258 1068 2323 dubitare
1092 2261 1230 2348 incipiat
1256 2281 1296 2325 ac

9 2431 11 2445 Ι
99 2344 158 2411 vix
174 2344 534 2411 oculisfidem'habeat.
571 2346 626 2412 Sic
640 2347 726 2434 apud
743 2344 856 2432 Eurip.
869 2343 978 2434 lphig.
995 2345 1028 2410 in
1041 2344 1137 2411 Taur.
1154 2358 1186 2455 γ.
1199 2356 1274 2422 795.

309 2476 347 2540 Ὠ
370 2478 483 2557 φιλτάτη
504 2506 546 2554 μοι
567 2480 671 2552 σῦγφαν’
687 2481 884 2554 ἔκπνπληγμίνος

319 2565 401 2642 'Op-de
422 2573 518 2642 oin-tri,
540 2565 684 2647 coaequis
704 2565 833 2647 flgoexien.
920 2558 1082 2626 SCHUTZ.

147 2704 265 2767 mm
288 2710 426 2769 namu
449 2705 486 2758 Δ·
502 2708 677 2760 ennacos.
723 2693 885 2761 Stanleius
909 2696 957 2760 ita
982 2697 1090 2776 vertit,
1115 2696 1230 2786 Capilli
1251 2702 1300 2765 tui

103 2784 281 2849 cincinnum
299 2781 421 2870 „iiutris
441 2781 502 2847 tibi
527 2781 628 2866 cupite
654 2779 779 2867 equalis
805 2781 935 2848 deleme
960 2784 1091 2848 casadei
1116 2807 1235 2870 oppone
1268 2797 1298 2851 et

9 2880 10 2889 ’
105 2893 262 2957 compara.
309 2870 356 2934 At
380 2891 422 2934 ex
447 2881 538 2933 textu
560 2867 680 2932 Graeoo
696 2867 766 2931 haec
781 2868 917 2932 minime
938 2885 1071 2935 exeunt.
1116 2871 1297 2937 Nonenim

106 2956 248 3021 Orestes,
264 2955 425 3020 Electram
436 2954 532 3039 jubet
547 2953 656 3041 capilli
678 2954 727 3017 sui
742 2954 931 3019 cincinnum
947 2978 1020 3020 cum
1035 2956 1140 3022 fratris
1155 2959 1299 3024 crinibus

106 3064 309 3130 comparare,
344 3041 400 3120 sed
433 3042 541 3127 potius
574 3041 607 3105 id
639 3037 791 3126 postulat,
823 3055 858 3105 ut
888 3040 1015 3106 Orestis
1044 3044 1243 3109 cincinnum·
1265 3047 1298 3111 in

106 3130 209 3217 patris
233 3127 357 3193 tumulo
379 3128 521 3214 positum
543 3126 649 3190 fratris
674 3127 774 3212 copiti
794 3139 828 3191 et
842 3125 928 3206 loco,
951 3129 1036 3193 unde
1058 3130 1220 3196 abscissus*
1232 3148 1302 3197 erat

106 3217 202 3301 (νομῇ)
215 3216 359 3302 adaptet,
382 3209 521 3298 indeque
536 3212 670 3301 colligat
684 3234 757 3278 eum
777 3234 849 3278 vere
865 3213 1013 3279 Orestem
1030 3237 1110 3281 esse.
1142 3217 1302 3284 Scuurz.

152 3312 184 3377 t.
202 3308 277 3366 228.
297 3316 424 3364 ‚nonni
457 3312 667 3365 ΠΡΟΣΘΕΙΣΑ.
726 3296 855 3387 Capilli«
876 3300 1029 3388 adoptans
1049 3303 1131 3369 unde
1158 3305 1303 3370 obscurus

108 3397 153 3453 est
175 3386 344 3452 cincinnus.
389 3385 542 3451 Hunrn.

153 3484 184 3539 rt.
199 3481 275 3539 280.
297 3487 432 3536 enrluu
456 3485 608 3536 mooun.
653 3468 685 3534 Si
711 3471 753 3534 ad
777 3476 857 3554 θνςίννν
880 3473 979 3554 γραφὴν
1003 3486 1036 3537 et
1058 3475 1120 3539 alia
1141 3475 1206 3541 hoc
1227 3444 1302 3543 lodo

108 3560 270 3639 attendas,
294 3558 409 3622 dubito
435 3579 475 3621 an
502 3571 589 3622 recte
614 3556 714 3621 Stanl.
743 3578 817 3620 cum
842 3556 963 3622 Graeoo
988 3559 1163 3648 interprete
1179 3563 1220 3628 de
1237 3585 1302 3629 uno

5 3664 9 3672 ’
112 3650 255 3729 σπαργάνῳ
288 3643 493 3709 intellexerit.
544 3645 631 3709 Nam
680 3643 728 3706 lus
754 3642 898 3708 indicare
925 3643 1075 3714 videntur
1100 3651 1209 3729 verba,
1231 3672 1303 3735 quae

2 3752 5 3775 1
110 3733 188 3798 ideo
212 3732 303 3796 aliter
323 3730 422 3795 etiam
447 3729 607 3796 intellexit
675 3727 777 3816 schyli
794 3728 928 3794 aemulus
946 3728 1135 3820 Euripides:
1157 3737 1303 3805 animum

113 3820 257 3895 adverte,
290 3818 417 3882 ridebis
445 3817 565 3882 statim.
624 3815 832 3881 Robortellus
861 3816 964 3882 edidit
990 3828 1022 3890 νῐς
1039 3823 1074 3882 'u
1101 3826 1169 3903 θννςίνν
1197 3824 1305 3905 mol»,

114 3904 204 3992 quod
230 3903 314 3969 forte
345 3905 387 3966 ab
420 3902 490 3982 illis,
513 3904 568 3988 qui
594 3903 628 3968 in
659 3903 797 3990 gratiam
824 3900 970 3991 AEschyli
997 3907 1108 3984 ὕφασμα
1135 3907 1308 3973 voluerunt-

1 4047 8 4070 ,
114 4004 305 4069 extenuare,
336 4010 379 4052 ne
408 3988 633 4055 vestimentum
660 3990 833 4056 evaderet:
868 3989 912 4054 At
942 3989 1023 4056 nihil
1053 4005 1150 4073 vetet,
1182 4006 1304 4061 restem

2 4078 4 4081 ’
115 4077 273 4166 puerilem
302 4075 507 4141 constituisse
541 4091 663 4162 partem
695 4076 792 4140 vestis
815 4074 981 4160 juvenilis,
1014 4099 1111 4163 quam
1146 4080 1307 4167 inspicere

116 4176 246 4252 poterat
268 4161 418 4228 Electra:
441 4184 514 4226 uam
537 4163 616 4249 quid
641 4163 785 4245 αναίςγαννν
804 4160 871 4241 hic,
893 4176 927 4226 et
944 4163 998 4227 cui
1013 4166 1109 4230 usui?
1130 4165 1184 4231 An
1199 4166 1246 4232 Ar
1270 4191 1307 4232 os

117 4251 257 4338 petierat
289 4247 431 4324 Orestes,
463 4261 513 4351 ut
526 4271 559 4313 se
583 4248 746 4348 Orestem·
759 4269 828 4348 esse
842 4248 1035 4399 cffqbaoet'.
1063 4251 1190 4317 Psuw.
1245 4191 1311 4320 Est

116 4339 230 4417 ὕφασμα
252 4344 314 4400 rum
336 4331 508 4419 AEsclrylus
534 4332 648 4424 procul
671 4334 771 4399 dubio
792 4348 841 4399 uit
873 4333 928 4421 lrgr
951 4334 1053 4401 voluit
1076 4343 1215 4423 σπάργανα
1235 4341 1308 4428 qui·

2 4500 3 4508 ἵ
118 4423 180 4488 bus
216 4418 378 4487 involutus
410 4417 516 4485 infans
556 4421 688 4488 Orestes
714 4420 811 4485 morti
843 4419 955 4485 furtim
991 4439 1155 4511 surreptus
1192 4425 1308 4508 fuerat,

118 4509 269 4594 adeoque
289 4505 377 4572 hunc
405 4526 516 4572 secum
545 4507 615 4574 hec
643 4506 787 4573 attulisse
815 4505 915 4575 veluti
944 4513 1065 4595 ruspina
1090 4509 1211 4577 natalia
1241 4534 1307 4578 non

113 4596 258 4662 obscure
289 4593 411 4660 innuit,
471 4592 642 4686 Euripides
678 4615 754 4660 vero
796 4604 899 4660 totam
934 4593 1020 4661 hanc
1050 4597 1304 4687 recognitionem
