2992 4942
563 955 636 1037 IN
681 953 1140 1039 CHOEPHORAS

290 1185 459 1265 NOTAE
484 1186 699 1264 VARlOR.
724 1186 796 1264 ET
821 1188 1054 1264 BUTLERl
1080 1187 1403 1265 PHILOLOGG

745 1491 963 1529 *4*-

312 1723 425 1814 Atte.
479 1746 727 1835 Agamemnone
763 1767 860 1823 caeso,
898 1745 983 1811 filius
1012 1745 1084 1833 ejus
1113 1747 1247 1812 Orestes
1276 1767 1345 1810 una
1376 1765 1440 1810 cunr

218 1878 222 1886 ·
256 1831 383 1921 Pylade
404 1832 511 1922 Argos
530 1854 675 1899 reversus
702 1854 803 1897 unum
831 1854 935 1899 comae
965 1833 1155 1903 cincinnum
1183 1832 1310 1898 inacho
1338 1833 1439 1909 florio,

256 1921 376 2008 gratias
398 1941 462 2008 pro
482 1920 659 1985 nutritione
685 1919 851 1999 relaturus,
873 1920 1008 1985 alterum
1028 1921 1062 1985 in
1079 1921 1177 2009 patris
1200 1920 1330 1990 tumulo
1346 1919 1439 1984 luctus

255 2022 291 2072 et
321 2006 453 2072 honoris
475 2028 573 2072 causa
606 2006 777 2072 sacrificat.
835 2006 983 2072 Eundem
1013 2009 1054 2072 ad
1093 2007 1255 2072 tumulum
1294 2005 1439 2074 convenit

255 2092 389 2158 Electra
427 2115 502 2157 curn
543 2092 661 2156 ancilla
701 2094 818 2179 quibus
855 2092 1112 2179 Clytaemnestra,
1148 2094 1291 2159 infausto
1323 2092 1437 2160 somnio

165 2221 172 2231 -
256 2180 424 2259 exterrita,
455 2178 519 2244 hoc
538 2179 594 2243 'ne
620 2178 679 2242 otii
716 2179 860 2259 dederat,
892 2194 930 2244 ut
963 2180 1170 2267 sepulchrum
1203 2182 1302 2267 regis,
1340 2199 1435 2244 manes

257 2265 327 2329 e‘us
352 2264 536 2352 placaturae,
559 2201 683 2329 inieriis
706 2263 912 2330 honorarent.
954 2268 1048 2344 Quae,
1070 2267 1295 2332 secedentibus
1321 2266 1439 2330 interint

293 2365 375 2416 reste
405 2365 438 2415 et
467 2350 600 2439 Pylade,
635 2349 718 2417 male
742 2350 994 2438 Clytaemnestra
1014 2353 1232 2439 AEgisthoque
1252 2365 1440 2441 precantum

257 2439 375 2524 quibus
408 2438 558 2525 precibus
590 2436 777 2524 inferiisque
810 2439 977 2518 absolutis,
1018 2438 1145 2504 Electra
1176 2462 1194 2504 e
1235 2439 1383 2504 cincinni
1412 2438 1440 2501 in

259 2523 384 2590 tumulo
419 2525 559 2612 depositi
594 2525 870 2611 vestigiorumque
908 2525 1014 2589 forma
1051 2525 1201 2591 Orestem
1233 2524 1289 2590 hic
1322 2524 1441 2590 affuisse

258 2625 443 2699 auguratur.
481 2611 623 2677 Accedit
637 2612 736 2674 icitur
752 2611 849 2675 frater
870 2632 1053 2698 magnoque
1068 2635 1143 2676 cum
1159 2612 1282 2699 gaudio
1297 2611 1442 2699 cognitus

258 2720 324 2763 una
346 2719 422 2763 curn
451 2720 560 2762 sorore
582 2710 616 2761 et
638 2719 656 2759 c
682 2719 739 2760 oro
762 2697 864 2760 diram
889 2698 1145 2784 Agamemnonis
1160 2720 1275 2763 necem
1291 2699 1443 2785 deplorat,

237 2784 392 2871 .ejusque
405 2782 615 2848 ulsciscendae
631 2781 801 2847 consilium
818 2785 966 2869 exponit.
995 2783 1133 2872 Sumpto
1147 2785 1302 2850 nimirum
1320 2785 1443 2850 viatoris

258 2892 277 2936 e
310 2870 459 2934 Phocide
497 2868 682 2934 Dauliensis
720 2868 834 2934 habitu
849 2884 853 2889 ’
869 2870 998 2935 accedit
1037 2870 1079 2935 ad
1109 2871 1244 2960 regiam,
1277 2884 1444 2957 narratque

259 2956 322 3022 sibi
353 2979 373 3020 a
403 2954 558 3042 Strophio
585 2953 748 3019 Phocensi
778 2955 968 3020 mandatum
996 2978 1076 3036 esse,
1098 2972 1134 3023 ut
1151 2957 1284 3023 ‘Orestis
1310 2956 1444 3024 mortem

258 3041 446 3145 parentibus
472 3041 643 3106 nuntiaret.
701 3039 777 3106 Jam
810 3064 830 3105 a
855 3040 1101 3128 Clytaemnestra
1131 3045 1273 3131 benigne
1296 3059 1444 3133 acceptus

258 3152 294 3195 tn
326 3127 476 3212 aedesque
512 3127 725 3206 intromissus,
761 3127 900 3213 primum
933 3129 1138 3215 AEgisthum,
1167 3153 1265 3216 quern
1296 3130 1443 3218 Clytaem·

259 3229 366 3281 nestra
389 3215 505 3277 arcessi
520 3213 671 3299 jusserat,
701 3213 734 3277 iu
762 3214 898 3294 aedibus,
927 3216 1045 3280 deinde
1077 3217 1182 3304 vipsam
1212 3239 1347 3303 quoque
1374 3217 1442 3304 Cly·

260 3312 488 3379 taemnestraru,
530 3299 646 3364 frustra
680 3299 749 3384 ejus
784 3300 939 3385 pietatem
976 3323 1013 3365 ac
1040 3303 1296 3368 misericordiam
1335 3305 1444 3392 implo-

259 3404 397 3464 rantem,
434 3398 539 3452 necat.
595 3386 644 3450 Ac
678 3385 818 3472 primum
850 3386 982 3471 quidem
1017 3387 1082 3454 hoc
1113 3389 1258 3454 facinore
1295 3388 1388 3456 laetus
1414 3405 1442 3457 et

258 3474 364 3551 ferox,
398 3471 506 3559 paullo
559 3485 610 3536 ost
630 3472 783 3536 maternis
808 3471 898 3536 furiis
922 3475 1074 3559 agitatus,
1099 3499 1138 3540 ac
1162 3476 1202 3541 de
1224 3488 1310 3541 statu
1331 3478 1442 3542 mentis

258 3557 415 3648 dejectus,
448 3495 594 3646 Delpiios
623 3557 769 3644 profugit
801 3559 834 3621 in
864 3558 1024 3645 Apollinis
1047 3563 1179 3626 tutelam
1202 3583 1237 3626 sc
1261 3564 1442 3643 traditurus,

259 3650 302 3715 ab
328 3666 434 3730 eoque
458 3645 622 3732 parricidii
650 3644 787 3708 crimine
811 3667 849 3709 ac
875 3664 975 3731 poena
1002 3667 1036 3709 se
1056 3647 1225 3714 liberatum
1249 3650 1289 3714 iri
1305 3672 1441 3737 sperans.

259 3735 423 3801 Scauro.
465 3731 698 3816 Antiquissima
721 3730 892 3794 homiuum
917 3732 1054 3801 societas
1080 3748 1250 3820 pareutum
1274 3751 1442 3822 potestate,

260 3823 381 3910 pietate
415 3817 667 3904 continebatur3
703 3816 793 3901 isque
833 3839 945 3882 eorum
977 3819 1154 3904 majestatis
1193 3820 1308 3885 horror
1340 3837 1377 3888 ut
1405 3825 1440 3888 de

260 3903 436 3996 parricidio
466 3924 581 3967 cavere
610 3901 874 3989 legumlatoribus
899 3903 982 3969 ultra
1006 3904 1242 3972 humanitatem
1264 3908 1442 3991 videretur;

261 3994 337 4058 talia
366 3989 441 4054 Deo
465 4003 499 4053 et
525 3990 734 4054 conscientia·
761 3988 866 4054 ultrici
903 3990 1175 4076 relinquebantur.
1234 3994 1343 4082 Igitur
1382 4018 1441 4081 quo

261 4075 445 4167 spectaculo
461 4089 656 4140 terrerentur
676 4073 939 4161 mollirenturque
954 4078 1095 4143 vicissim
1111 4080 1297 4146 mortalium
1312 4098 1441 4161 mentes,

256 4164 383 4241 ¹nullum
420 4163 527 4249 aptius
563 4184 603 4225 eo
641 4161 825 4226 matricidio
867 4163 1002 4248 produci
1041 4179 1180 4252 poterat,
1217 4191 1286 4254 quo
1324 4171 1439 4256 patrios
1480 4224 1481 4231 ,

260 4271 371 4315 manes
395 4247 526 4313 Orestes
554 4247 796 4312 ulscisoebatur.
850 4246 889 4313 Id
913 4248 1071 4316 foemineo
1103 4253 1222 4319 scelere
1249 4256 1439 4344 numineque

262 4335 370 4401 Deum
395 4332 581 4399 excusabile
602 4335 641 4398 iis
656 4332 878 4412 nihilominus,
901 4334 1064 4402 infelicem
1079 4338 1242 4405 furoribus
1256 4341 1438 4427 perculerat,

261 4422 378 4507 quibus
400 4420 558 4484 imitando
586 4420 635 4485 vel
658 4419 813 4484 laudabili
844 4420 931 4486 facto
958 4426 1182 4508 potentissime
1210 4429 1321 4493 cuncti
1357 4453 1437 4495 arer-

260 4520 414 4573 terentur.
455 4505 631 4573 Firmando
650 4507 760 4593 itaque
773 4528 903 4573 morum
918 4505 1091 4598 legumque
1107 4515 1291 4585 venerando
1307 4518 1439 4597 stamini,
