2958 4938
26 452 28 531 l

446 244 853 331 cnourHORAE·
1200 248 1241 338 m

225 403 318 481 Pater,
332 400 401 467 haec
415 401 582 482 effundens,
603 402 782 469 effusionem
796 417 904 467 eterra
915 401 1086 488 bibendam,
1193 425 1213 494 9
1215 423 1235 492 ς

222 506 313 569 Retro
325 505 442 584 codam,
463 506 555 583 veluti
568 507 634 593 quis
646 505 804 573 effundens
815 522 1021 593 purgamenta,
1152 539 1154 542 ⁴

220 607 373 693 Abjiciens
386 631 447 687 vas,
470 610 565 675 oculis
577 609 736 685 irretortis?

219 710 319 794 Hujus
333 726 394 774 este
408 710 534 786 consilii,
556 711 588 776 0
603 709 721 789 amicte,
743 708 912 792 participes:

219 810 392 877 Commune
404 812 486 883 euim
497 813 704 883 existimamus
718 813 823 877 odium
836 814 868 878 iu
882 813 1004 894 aedibus.

216 911 327 998 Neque
339 914 488 978 occultate
501 914 534 979 iu
546 913 647 991 corde,
669 913 776 995 timore
789 915 986 1002 ctquuquam.-
1172 933 1232 981 100

185 1012 326 1088 „Fatum
341 1015 422 1078 enim
437 1028 467 1076 et
480 1012 607 1080 liberum
628 1015 727 1081 vuum
747 1032 858 1094 manet,

184 1155 204 1188 ‚,
219 1112 258 1176 Et
271 1135 342 1179 eum
355 1114 407 1200 qui
418 1113 473 1179 sub
487 1113 623 1181 dominio
635 1128 680 1179 est
693 1113 798 1183 alienae
813 1134 929 1183 manus.
1005 1164 1008 1177 .

215 1215 364 1302 Eloquere
377 1218 402 1281 si
415 1217 546 1303 quiduis
559 1218 649 1285 babes
661 1219 798 1299 amplius.

63 1334 158 1383 crtum
213 1317 361 1397 Reverita,
375 1320 521 1398 utaltare,
543 1321 733 1404 sepulchrum
746 1323 847 1402 patris,

211 1418 262 1483 Ex
273 1419 387 1498 animo,
396 1420 484 1505 jubes
499 1421 909 1508 enirmseutentiamloquar.
1168 1436 1227 1512 103

63 1537 175 1587 aruer.
214 1523 352 1609 Loquere
366 1523 456 1610 igitur
468 1538 502 1588 ut
513 1524 652 1589 revereris
660 1524 851 1607 sepulchrum
865 1525 963 1608 patris.

63 1638 154 1686 orror.
211 1623 490 1708 Effundensprofer
502 1647 641 1707 prospera
653 1625 814 1693 benevolis.

64 1739 175 1788 turer.
210 1725 347 1806 Quinam
363 1749 434 1792 vero
449 1744 519 1792 sunt
533 1727 565 1793 hi
579 1727 670 1795 amici
682 1750 759 1814 quos
774 1728 949 1804 melnen?

26 1896 27 1899 Ἴ
63 1844 154 1893 eron.
209 1829 345 1893 Primum
358 1831 479 1916 quidem
494 1832 628 1913 teipsam,
643 1847 673 1896 et
687 1832 819 1918 quisquis
835 1833 1010 1921 AEgisthuru
1025 1832 1097 1899 odit.

26 1978 27 1985 ,
63 1944 173 1998 rrucr.
215 1931 296 1995 Mihi
311 1932 423 2021 uirique
437 1933 529 2021 igitur
541 1935 608 1999 haec
624 1933 829 2000 votafecero?
1164 1950 1224 2004 tto

26 2090 28 2119 ᾗ
63 2048 153 2099 citou.
208 2035 262 2098 Tu
276 2032 339 2116 ipsa
349 2035 415 2119 jam
428 2035 496 2100 satis
510 2057 604 2122 gnara
617 2035 686 2101 haec
701 2035 842 2119 proferas.
884 2088 887 2093 .

26 2136 27 2215 J
62 2149 172 2202 rrrcr.
213 2136 319 2217 Quem
334 2137 425 2224 igitur
438 2137 530 2203 alium
545 2138 652 2203 addam
666 2139 737 2204 huic
752 2138 863 2204 coetui?

63 2249 152 2300 eron.
207 2237 376 2313 Recordare
388 2238 513 2316 Orestis,
536 2237 597 2321 ipse
611 2239 648 2303 sit
658 2240 733 2320 ,licet
746 2241 861 2321 procul.

62 2349 171 2401 rerer.
211 2336 308 2403 Recte
320 2338 392 2415 hoc,
414 2353 444 2403 et
457 2362 520 2402 non
531 2361 637 2422 parum
652 2362 702 2404 me
715 2340 889 2425 prudentem
904 2340 1066 2435 reddidisti.¹

26 2458 27 2497 r
63 2455 151 2505 tuor.
206 2443 301 2507 Nunc
315 2443 405 2507 caedis
417 2444 580 2523 recordata,
602 2443 783 2510 auctoribus.
1161 2458 1221 2528 ¹¹5

62 2552 170 2609 Erret.
210 2541 296 2622 Quid
310 2540 427 2605 dicam?
449 2542 582 2629 ignaram
599 2542 744 2607 instruens
759 2545 845 2610 doce.

26 2668 28 2687 2
64 2655 150 2705 auor.
204 2644 251 2707 Ut
264 2642 400 2707 adveniat
413 2642 468 2706 illis
483 2644 553 2707 deus
568 2659 620 2707 aut
634 2645 804 2709 mortalium
820 2645 934 2732 aliquis.

26 2826 27 2831 η
62 2757 169 2812 error.
208 2749 297 2812 Num
306 2747 451 2832 judicem,
474 2764 525 2811 aut
539 2748 688 2813 vindicem
703 2747 793 2812 dicis?

26 2834 27 2859 ¹
64 2842 163 2916 elteri.¹
205 2848 383 2931 Simpliciter
396 2849 487 2927 dicas,
508 2849 560 2935 qui
575 2849 705 2914 vicissim
721 2846 887 2913 interficiat.

62 2955 166 3010 turer.
206 2949 248 3012 Et
260 2948 328 3013 haec
342 2972 360 3013 a
374 2971 422 3012 me
436 2948 515 3013 dieta
530 2948 577 3030 pie
591 2971 608 3011 a
623 2948 677 3013 diis
691 2946 936 3030 postulabuntur?

64 3057 149 3109 eron.
209 3048 346 3130 Quidni?
368 3049 494 3113 inimico
508 3050 666 3131 rependere
680 3049 768 3113 mala.

62 3159 166 3215 uter.
207 3152 298 3221 Adsis
312 3154 447 3221 Mercuri
463 3154 611 3231 terrestris,
634 3152 779 3219 nuncians
792 3153 878 3232 mihi,

203 3255 412 3320 subterraneos
427 3256 497 3318 deos
512 3277 591 3319 meas
604 3254 704 3318 audire

201 3355 318 3432 Preces,
332 3369 521 3436 paternarum
534 3354 644 3419 aedium
657 3353 847 3436 inspectores,

200 3459 360 3544 ipsamque
374 3474 491 3535 terram,
514 3481 583 3544 quae
598 3458 700 3521 omnia
713 3457 799 3539 parit,

200 3559 241 3628 Et
253 3559 395 3635 nutriens,
417 3559 517 3623 denuo
530 3560 640 3621 horum
653 3557 784 3622 fructum
796 3555 916 3639 excipit.

200 3658 329 3744 ligoque
340 3659 420 3723 hanc
434 3675 566 3738 pateram
579 3658 736 3725 effundens
751 3658 934 3736 mortalibus,

199 3758 294 3836 Dico,
316 3759 459 3825 invocans
473 3775 596 3842 patrem,
619 3758 762 3822 Miserere
778 3759 848 3836 mei,

199 3860 351 3947 Charique
365 3861 490 3939 Orestis,
511 3876 546 3925 ut
558 3859 672 3924 aedibus
685 3860 875 3941 imperemus.

197 3957 294 4021 Nune
308 3958 388 4022 euim
403 3974 546 4045 tanquam
560 3958 670 4023 venditi
684 3980 815 4022 erramus
904 3970 909 3975 ’

200 4059 230 4124 A
244 4060 398 4149 genitrice,
420 4085 489 4148 qum
505 4080 532 4126 tc
543 4061 721 4143 permutavit
734 4060 842 4129 marito

200 4162 352 4251 AEgistho,
375 4164 427 4249 qui
441 4180 501 4231 tuae
515 4163 605 4229 caedis
620 4178 725 4226 auctor
737 4176 791 4229 est.

201 4270 240 4333 Et
253 4294 311 4358 ego
325 4271 447 4357 quidem
459 4294 514 4354 pro
529 4293 612 4335 serva
623 4270 750 4333 habeor:
773 4291 812 4332 ex
825 4265 1140 4356 possessionibusrero

200 4372 327 4439 Arcetur
341 4375 473 4450 Orestes,
494 4373 525 4436 hi
542 4387 642 4437 autem
656 4368 819 4457 magnifice

201 4456 469 4543 Inlaboriius'tuis
484 4475 670 4541 luxuriantur
684 4474 823 4538 multum.
1157 4485 1218 4569 135

558 4595 582 4643 K
599 4595 618 4642 2
