2924 4936
613 309 991 379 CHOEPHORAE.

385 469 450 533 Aut
463 467 563 554 ignem
578 485 607 532 et
619 470 720 533 lucem
735 467 868 532 tedarum
883 465 915 528 in
928 464 1093 528 libertatem

386 570 637 654 Magistratusque
650 570 795 650 populum
810 580 953 653 regentes.

386 669 519 733 Habebit
533 684 650 755 patrum
665 670 777 750 amplas
792 667 916 731 divitias.

364 768 422 833 2In
436 771 493 834 tale
507 787 659 835 certamen
672 770 751 834 solus
767 770 893 833 existens
909 768 1078 831 observator

386 872 470 938 Cum
485 873 602 937 duobus
615 871 731 936 futurus
744 886 788 935 est
801 870 885 933 divus
901 869 1022 934 Orestes

385 975 508 1039 Venire.
553 975 596 1039 Sit
611 997 681 1037 vero
696 974 727 1037 in
740 971 911 1036 victoriam.

219 1092 344 1140 Romu.
388 1074 460 1155 Hei,
475 1076 539 1141 hei!
565 1074 709 1143 otototoi!

218 1194 329 1241 otton.
386 1178 465 1262 Age,
488 1200 544 1265 age
558 1175 672 1259 potius;

389 1278 557 1359 Quomodo
572 1275 679 1341 habet?
712 1274 872 1364 quomodo
886 1272 1032 1355 imperant
1044 1263 1173 1336 aedibm?

705 1475 902 1541 IAMBI.

388 1646 497 1709 Procul
511 1643 583 1708 hinc
599 1635 709 1709 stemus
722 1665 754 1707 re
762 1645 829 1730 jam
842 1643 989 1719 absoluta,

387 1748 433 1810 Ut
446 1746 599 1810 videamur
612 1746 723 1809 horum
738 1744 870 1808 insontes
884 1743 1032 1807 malorum

387 1849 470 1912 Esse.
516 1850 631 1935 Pugnae
645 1848 727 1911 enirn
741 1848 917 1911 constitutus
931 1863 975 1910 est
988 1844 1145 1910 terminus:

292 1996 298 2011 .
386 1950 448 2014 Hei
463 1948 537 2012 mihi
550 1946 651 2011 valdel
676 1948 724 2009 hei
739 1947 814 2013 mihi
828 1946 954 2010 domino
967 1943 1160 2028 interempto!

387 2047 449 2113 Hei
463 2048 537 2112 mihi
551 2049 641 2112 etiam
656 2048 763 2111 iterum
777 2047 863 2111 tertio
877 2045 1027 2133 alloquio!

388 2150 545 2236 AEgisthus
561 2172 623 2213 non
638 2164 681 2214 est
695 2149 831 2232 amplius.
875 2152 995 2214 Verum
1008 2146 1117 2230 aperite

388 2251 494 2332 Quam
509 2251 658 2329 citissime,
681 2265 711 2315 et
721 2249 879 2315 muliebres
892 2250 972 2315 fores

385 2352 533 2416 Vecribus
546 2352 658 2416 laxate:
681 2351 772 2416 etiam
787 2352 872 2415 valde
883 2353 1007 2416 robusto
1019 2372 1094 2434 opus
1108 2362 1163 2428 est,

387 2455 465 2518 Non
480 2469 513 2517 ut
527 2475 615 2535 opem
630 2452 704 2517 ferat
718 2453 889 2518 interfecto:
914 2453 1032 2539 utquid
1046 2451 1146 2517 enim?

390 2555 479 2621 Heu!
503 2554 578 2620 heu!
603 2557 696 2621 surdis
709 2556 869 2635 vociferor,
891 2570 921 2621 et
934 2555 1148 2621 dormientibus
1160 2554 1269 2618 frosm

384 2659 470 2723 Inita
484 2661 601 2746 loquor.
645 2661 709 2725 Ubi
720 2676 763 2725 est
779 2659 1018 2749 clytemnestra?
1042 2660 1113 2747 quid
1128 2657 1219 2723 facit?

385 2761 515 2824 Videtur
527 2763 608 2825 enim
623 2762 712 2844 ipsius
726 2763 827 2827 cervix
840 2785 932 2846 prope
946 2763 1001 2826 snb
1011 2761 1169 2825 novaculae
1182 2761 1248 2826 acie

386 2857 512 2939 Cadere,
528 2862 658 2926 vindicta
667 2886 825 2951 percussae.

390 2960 475 3040 Quid
490 2962 531 3025 rei
546 2962 607 3025 est?
630 2986 720 3048 quern
736 2965 901 3028 clamorem
913 2962 1026 3028 excitas
1041 2960 1072 3025 in
1087 2959 1219 3027 aedrbus?
1340 2960 1400 3044 885

385 3061 502 3124 Vivum
515 3062 689 3127 interfecere
704 3065 814 3127 mortui
828 3063 918 3128 fama.

385 3160 448 3223 Hei
461 3159 552 3224 mihi!
578 3162 710 3226 intellexi
725 3164 848 3241 dictum,
871 3163 964 3228 etiarn
977 3187 1017 3228 ex
1029 3164 1200 3251 aenigmate.

387 3263 472 3326 Dolo
488 3263 683 3330 interficimur
698 3267 954 3353 quemadmodum
968 3268 1178 3333 interfecimus.

387 3362 452 3426 Det
465 3364 570 3450 aliquis
585 3367 714 3430 securim
727 3366 1051 3449 homines-perdentem
1064 3367 1222 3443 citissime;

388 3463 523 3529 Sciamus
539 3483 639 3532 utrum
652 3468 811 3545 vincimus,
827 3485 879 3532 aut
892 3468 1049 3533 vincimur.
1199 3512 1201 3516 =
1343 3466 1403 3555 890

386 3566 437 3629 Ad
451 3567 511 3632 hoc
526 3568 608 3635 enirn
623 3572 739 3637 malum
753 3570 892 3652 processi.

217 3687 346 3733 oassT.
389 3671 430 3734 Et
445 3687 473 3735 te
488 3694 605 3757 quaero.
648 3673 703 3738 Ille
716 3675 798 3759 quod
811 3677 879 3741 satis
893 3690 936 3740 est
949 3675 1048 3740 habet.

216 3789 327 3834 cLYT.
393 3773 455 3836 Hei
469 3772 559 3850 mihil
585 3775 726 3852 cecidisti,
748 3775 934 3843 dilectissime
948 3775 1096 3867 AEgisthe.

116 3900 121 3907 ,
214 3891 336 3937 onasr.
388 3873 500 3938 Virum
514 3874 629 3960 diligis?
651 3876 683 3938 in
696 3877 802 3943 eodem
814 3877 906 3963 igitur
920 3879 1077 3961 sepulchro

382 3976 511 4059 Jacebis.
556 3978 715 4042 Mortuum
730 4001 794 4047 non
807 4001 943 4065 unquam
959 3993 972 4031 ³
979 3981 1094 4063 prodes.
1343 3977 1403 4067 895

217 4094 327 4141 esur.
385 4080 491 4145 Inhibe
503 4102 635 4160 manum,
658 4081 758 4161 Ofili,
779 4081 858 4149 hanc
873 4107 944 4151 vero
958 4105 1098 4161 reverere,
1120 4076 1175 4159 fili,

254 4298 264 4325 ²
283 4293 349 4356 MS.
369 4293 442 4354 Tale
467 4294 618 4368 certamen,
638 4299 713 4360 solus
726 4299 853 4363 existens
874 4302 1048 4371 observator,
1067 4319 1136 4362 cum
1156 4297 1268 4381 duobus
1288 4297 1404 4360 initurus

213 4401 258 4449 est
270 4388 350 4448 divus
363 4390 487 4452 Orestes.
526 4395 570 4457 Sit
583 4416 652 4458 vero
665 4395 695 4457 in
709 4397 867 4463 victoriam.
1435 4446 1442 4474 ,

252 4516 263 4552 ³
281 4513 349 4579 MS.
366 4513 499 4584 Deera.
