2960 4938
210 374 317 449 curu
337 372 479 448 uorrs
501 374 642 446 virts.
666 372 724 444 nu
746 370 949 443 nuunsnr
972 354 1122 442 onim.
1223 366 1265 448 ts

112 547 144 617 1.
156 544 235 605 484.
258 555 364 606 restro
385 553 483 605 onz
503 550 576 604 nor.
630 533 672 601 Iu
696 532 781 600 Cod.
809 530 898 598 Rob.
922 531 1080 621 scriptum
1108 533 1171 602 fuit
1195 538 1268 617 κᾶγὸ

69 654 191 709 mm·

111 720 144 788 γ.
158 717 239 783 487.
259 726 287 776 ιι
307 721 377 777 rss‘
393 725 501 779 Ausa.
539 711 580 776 'o
592 719 681 790 „tn
702 710 757 781 tna
771 706 860 772 Rob.

112 811 146 875 γ.
159 803 239 864 488.
270 814 293 864 ιι
322 812 552 871 nsrssossss
581 811 661 863 sos.
712 796 794 880 ἰικις
821 794 985 876 amos
1007 790 1086 861 Ald.
1132 796 1173 860 ἰι
1201 812 1271 883 ιιι,-

71 895 198 967 σίφασσα
212 891 238 965 †
250 886 289 955 δὸς
307 887 334 948 «lt
354 889 379 949 τ’
405 884 498 952 Pors.
511 892 544 949 9.
961 955 964 961 ,
1262 940 1265 947 ,

113 984 148 1048 γ.
162 978 241 1045 490.
263 984 544 1038 ΑΜΦΙΒΛΗΣΤΡΟΝ
566 985 609 1035 ιιι.
667 967 766 1033 Hanc
791 964 1045 1032 constructionis
1069 965 1272 1053 varietatem,

71 1069 111 1123 ut
134 1056 256 1123 vitetur
280 1057 398 1138 hiatus,
432 1057 517 1123 forte
533 1079 560 1129 ‚a
586 1054 742 1121 nasutulis
766 1051 948 1142 profectam
973 1051 1141 1118 existimat
1161 1054 1272 1123 Pauw.

73 1165 151 1208 cum
166 1156 279 1209 noster
293 1144 362 1232 ipse
378 1143 544 1234 scripserit
557 1145 723 1227 dpptflslrge
736 1144 763 1225 ᾧ.
810 1138 933 1213 Quanti
949 1151 998 1203 est
1011 1141 1143 1226 sapere!

117 1229 208 1296 lbid.
231 1238 264 1295 ι’
280 1245 492 1296 ΕκΑιιιιΣΑιι.
536 1238 568 1295 s'
583 1232 715 1294 saalum
729 1226 862 1294 rescribi
877 1246 972 1314 posse
986 1239 1099 1291 monet
1114 1227 1275 1298 Abresch.

74 1316 191 1382 sedet
214 1316 322 1405 ipsum
351 1322 477 1384 issimus
504 1316 640 1382 minime
669 1314 840 1401 rejiculum
869 1334 951 1379 esse.
1009 1317 1096 1387 xenia
1119 1314 1190 1380 scil.
1213 1339 1275 1405 pro

73 1401 153 1468 cade
172 1415 279 1486 extat,
299 1405 438 1477 docente
460 1425 493 1471 r.
510 1401 550 1470 cl.
566 1403 655 1491 apud
671 1401 808 1468 Lucian.
824 1399 917 1466 Asin.
934 1422 967 1488 p.
981 1407 1054 1468 158.
1075 1403 1192 1482 sedeur-01
1206 1408 1277 1482 tvm

73 1494 104 1552 'td
125 1491 210 1570 σθ’ζιιι
231 1496 339 1571 δμαυτόι
365 1502 391 1557 is
418 1501 462 1565 τῆς
484 1492 598 1563 tarsidus.
651 1497 684 1555 Σ’
706 1498 837 1566 hundans,
869 1485 1120 1574 Clytaemnettra
1147 1487 1217 1556 tell.
1242 1506 1278 1557 et
1311 1514 1313 1517 '

75 1573 262 1662 AEgisthus‚
283 1576 440 1657 Valcken.
467 1577 509 1642 ad
536 1575 698 1643 Phoeniss·
719 1587 752 1653 rt.
768 1582 861 1648 1809.
886 1574 943 1660 qui
965 1574 1012 1639 sic
1034 1573 1077 1639 de
1092 1573 1277 1644 Harmodio

75 1674 110 1725 et
131 1658 360 1751 Aristogitone
385 1664 543 1752 scriptum
567 1684 637 1728 esse
658 1676 782 1729 monet.
826 1660 891 1726 Sed
914 1659 995 1725 milri
1017 1660 1121 1748 magis
1137 1661 1279 1752 AEsclry·

75 1745 164 1827 lenm
180 1748 308 1843 videtur
321 1758 455 1832 usturam,
476 1762 595 1840 utpote
606 1751 648 1816 ab
664 1770 723 1815 usu
738 1747 862 1836 vulgari
873 1746 971 1835 paulo
987 1747 1154 1815 remotius.

118 1845 153 1912 γ.
167 1843 247 1908 491.
267 1852 400 1904 nnuma
423 1847 467 1918 ι’,
488 1869 515 1903 ι.
531 1868 558 1917 5.
572 1858 601 1903 s.
643 1835 722 1902 Non
747 1834 904 1900 assentior
927 1832 1071 1898 Stanleio
1085 1836 1280 1921 particulam

75 1921 102 1993 ὃ
124 1920 327 2001 excludenti,
350 1925 400 1990 sin
422 1923 539 2010 aliquis
564 1925 606 1990 de
628 1944 750 1989 casura
771 1920 868 2007 hujus
889 1920 1038 1987 versiculi
1060 1920 1205 1989 solicitus
1225 1925 1281 2006 sit,

49 2007 267 2087 .meminerit
287 2009 341 2076 ille
368 2033 434 2076 non
461 2009 563 2076 modo
592 2031 748 2091 casuram
777 2009 813 2074 in
838 2024 1016 2097 augmento
1045 2008 1136 2074 verbi
1162 2014 1283 2095 ilar-dtas

78 2094 173 2180 quasi
195 2093 307 2179 latere,
338 2098 395 2162 sed
446 2098 511 2163 uod
540 2119 576 2162 su
602 2120 637 2163 ra
664 2096 836 2163 docuimus
864 2096 908 2162 ad
936 2106 967 2167 il·
983 2102 1059 2167 447.
1086 2094 1281 2187 AEschylum

72 2180 189 2250 'minus
204 2204 314 2250 seuere
328 2183 415 2250 hanc
422 2120 537 2272 legem
551 2120 615 2250 sili
630 2183 784 2258 sanxisse„

121 2280 154 2344 γ.
168 2276 248 2343 492.
281 2285 551 2337 sornasuosstu.
623 2274 768 2336 saltem
797 2268 913 2358 reponi
944 2266 1012 2333 vult
1041 2267 1158 2335 Herm·
1186 2267 1222 2332 h.
1252 2290 1284 2336 e.

78 2350 186 2419 tonia
206 2377 292 2421 more
312 2357 469 2444 quoniam
493 2371 583 2423 veste
604 2357 706 2446 capiti
736 2355 856 2442 injecta
885 2355 1028 2421 irretitus
1051 2355 1285 2444 Agamemnon

78 2439 273 2508 interfectus
305 2458 366 2526 est,
403 2457 559 2531 tanquam
589 2447 648 2511 bos
679 2443 769 2508 vittis
805 2456 949 2524 ornatus,
978 2457 1015 2506 ut
1044 2443 1086 2509 de
1114 2441 1286 2528 Polyxena

83 2524 297 2616 Lycophron.
319 2542 350 2608 s.
366 2538 440 2603 897.
462 2537 618 2617 termole„
639 2538 696 2602 et».
742 2529 807 2611 Sed
833 2529 930 2595 nimis
950 2527 1014 2592 lroc
1029 2526 1127 2615 longe
1144 2530 1285 2617 petitum

81 2629 245 2784 giracium
265 2618 418 2706 cuiquam
440 2616 580 2706 placeat.
623 2616 712 2683 Mox
734 2619 930 2741 ἰγιαλόμμωιι
946 2613 1057 2681 Pears.
1073 2615 1285 2701 quodminus

86 2793 158 2937 Affi-
174 2790 346 2934 ‘lqilginr-n’.
383 2793 446 2877 'Ag'
471 2789 607 2858 Schutz.
628 2787 720 2877 quod
743 2787 931 2878 languidius
948 2799 1010 2854 est.
1053 2784 1142 2853 Mox
1155 2788 1288 2854 utitem

125 2967 161 3034 ιι.
174 2963 253 3031 495.
273 2974 359 3025 ιιτοι
382 2978 510 3041 mrsu,
531 2992 558 3030 κ.
572 2991 601 3029 s.
614 2982 643 3030 ι.
685 2965 763 3028 ‘aas
788 2976 822 3028 et
845 2964 862 3030 l
890 2960 1054 3030 contraria
1076 2959 1197 3028 debere
1221 2960 1289 3048 sig·

86 3042 222 3110 nificare
237 3043 377 3112 affirmat
393 3048 503 3114 Pauw.
518 3048 629 3133 itaque
643 3046 819 3136 legendum
834 3048 1001 3138 proponit,

295 3162 374 3227 ¹'litos
396 3165 464 3230 ῗίιιιιι
487 3167 561 3227 ἴαλλε
585 3168 727 3246 σι’μμαχοι
747 3169 838 3245 φίλοις·

296 3249 335 3312 Ἣ
357 3248 405 3322 τὰς
426 3253 514 3331 ὅμοιως
534 3252 631 3320 doridos
651 3252 756 3324 βλάῖιις
777 3250 875 3328 satin,

301 3337 384 3420 Eira(
405 3339 533 3421 κρατηθεὶς
554 3338 591 3416 pls
614 3344 760 3403 ’montem
782 3339 868 3409 θίλιις.

87 3444 154 3513 Fac
178 3457 217 3512 ut
238 3445 418 3529 vincamus,
440 3446 493 3514 vel
517 3448 633 3514 eadem
659 3449 792 3515 damna‘·
803 3449 1016 3538 accipiamus,
1040 3471 1114 3535 quae
1139 3459 1175 3514 tu
1196 3469 1292 3515 acce·

86 3534 176 3620 pisti,
201 3533 230 3598 si
255 3533 325 3621 ipse
353 3535 457 3601 victus
483 3548 599 3601 contra
620 3534 752 3601 vincere
775 3535 871 3601 nolis.
917 3535 1088 3602 Hactenus
1102 3547 1194 3601 certe
1207 3536 1292 3599 bene

86 3633 203 3684 monet
226 3619 351 3687 Hesth.
364 3644 432 3687 non
444 3643 517 3688 eam
532 3643 602 3687 esse
618 3621 684 3687 viru
702 3621 933 3710 particularum
948 3626 1014 3703 ἤτοι,
1036 3626 1062 3703 l,
1077 3636 1115 3687 ut
1129 3620 1293 3687 contraria

86 3704 248 3775 exhibere
275 3709 457 3774 necessario
488 3708 643 3788 debeant,
676 3731 752 3775 cum
782 3708 860 3774 satis
888 3710 931 3775 sit
965 3709 992 3775 si
1020 3730 1071 3774 res
1096 3728 1293 3795 quocunque

86 3791 193 3857 modo
215 3789 357 3857 diversas
380 3795 591 3883 distinguant
637 3794 723 3862 Hac
748 3796 860 3883 itaque
886 3793 918 3860 lr.
934 3793 956 3862 l.
980 3796 1104 3885 precari
1130 3793 1294 3861 Electram

88 3889 198 3965 putat,
229 3889 267 3942 ut
304 3891 362 3944 aut
392 3878 463 3966 ipse
491 3881 624 3948 Orestes
653 3882 833 3948 auxiliante
858 3881 989 3969 justitia
1021 3883 1134 3948 diviua
1172 3881 1215 3945 ab
1244 3880 1295 3945 in·

89 3963 346 4053 teremptoribus
372 3986 488 4053 poenas
512 3982 629 4048 sumat,
651 3981 708 4035 aut
722 3967 836 4034 saltem
851 3968 887 4044 hi
902 3970 1002 4035 modo
1017 3969 1081 4034 alio
1096 3984 1295 4055 quocunqne

88 4051 212 4117 eodem
234 4051 337 4117 exitio
362 4074 429 4139 quo
455 4051 738 4140 Agamemnonem
761 4068 986 4121 mactaverant
1012 4055 1074 4142 ipsi
1098 4065 1294 4119 sternantur.

90 4136 196 4204 Hunc
219 4158 347 4204 versum
370 4160 448 4203 cum
474 4139 601 4205 dnobus
622 4141 774 4228 proxime
789 4134 881 4228 se'qq.
905 4139 1014 4207 Oresti
1030 4140 1145 4209 tribuit
1160 4135 1296 4205 Schuts.

90 4224 182 4313 quod
198 4226 316 4312 probo,
338 4226 395 4291 sed
410 4225 518 4291 eidem
532 4248 598 4292 non
614 4228 772 4293 assentior
787 4228 822 4293 in
837 4227 926 4295 notis
941 4226 1076 4317 legenti,

310 4332 347 4393 26
369 4357 409 4394 τοι
432 4330 603 4397 Aletrium
626 4333 765 4412 σύμμαχοι
786 4335 879 4410 φίλοις,

310 4419 366 4491 Kal
386 4418 435 4489 'edre
455 4419 543 4496 ipsias
563 4417 659 4488 balias
678 4417 782 4488 Mite
802 4416 920 4486 θλαῖιῖι.

94 4525 220 4596 Melius
235 4528 270 4593 in
283 4530 364 4602 edit.
380 4539 412 4599 a.
435 4546 472 4599 ut
488 4530 592 4603 Stunl.
605 4531 640 4599 ia
653 4532 735 4601 curis
748 4529 899 4613 secundo„
