2992 4942
148 301 151 305 ’
181 341 243 401 ru
393 329 445 397 ru
469 326 789 398 cnoneuonns
811 327 952 397 vnnn.
975 324 1134 399 nuerr.

174 486 357 575 opitulatur.
404 484 502 552 Decet
522 497 625 552 autem
649 485 761 553 calente
783 485 949 572 imperium
973 485 1124 551 uenerari.
1162 481 1240 550 -No‘e
1264 483 1367 572 igitur

176 575 269 640 malis
292 571 443 662 opitulari
467 596 533 637 non
560 575 727 638 debemus.
788 571 877 654 (Jam
908 573 1028 660 apertis
1057 572 1175 636 aedium
1205 571 1372 659 regiarum

178 663 303 726 foribus
325 673 501 726 cernuntur
520 657 663 747 AEgisthi
683 674 717 724 et
739 658 992 747 Clytaemnestrae
1017 659 1184 737 cadavera,
1206 678 1374 723 unacum

180 747 296 812 Oreste
341 769 472 834 ompam
503 747 654 824 ducente,
687 769 758 832 quae
812 760 863 811 ost
891 758 922 821 rt.
937 754 1013 819 973.
1043 746 1076 809 in
1112 767 1243 812 scenam
1271 742 1375 808 venit.

180 834 267 898 Vide
329 850 399 898 otus
426 833 516 897 Verr.
546 833 733 920 Philotogg.
757 769 809 897 ueiJ

180 919 313 999 uidendi,
350 940 497 1008 maguum
533 942 604 984 uero
624 918 768 1008 frenum
803 919 844 984 ab
877 919 956 984 hisce
990 917 1105 983 adibus
1138 918 1179 982 ab
1193 929 1283 982 utum
1320 926 1377 980 est.

184 1004 293 1070 Reduc
316 1028 394 1085 eum,
421 1006 582 1085 Orestem,
612 1006 645 1071 iu
675 1006 731 1070 tras
761 1004 846 1082 ades,
878 1005 910 1071 Ο
935 1003 1075 1092 Jupiter.
1134 1003 1278 1069 Nimium
1299 1005 1378 1090 jam

181 1093 325 1178 temporis
355 1090 490 1176 elapsum
524 1103 565 1156 ett
592 1115 628 1157 ea
658 1114 717 1180 que
746 1102 782 1157 tu
812 1092 943 1176 Orestes
969 1112 1085 1178 semper
1112 1091 1257 1156 obscum
1279 1098 1379 1176 atque

182 1176 305 1243 ttunrile'e
326 1179 468 1265 jacuisti.
513 1176 593 1243 Moe
624 1202 695 1244 nera
728 1190 841 1264 tempus
870 1178 975 1243 amnia
995 1175 1154 1263 perficiens
1183 1175 1318 1243 succedet
1344 1176 1378 1238 iu

183 1266 292 1328 artium
312 1265 472 1345 vestibula,
495 1286 564 1330 eum
589 1289 609 1330 a
638 1266 728 1330 dumo
751 1265 844 1331 scelus
866 1287 955 1329 omne
977 1265 1116 1356 abegerit
1132 1263 1265 1350 piaculis
1289 1283 1380 1325 unere

176 1351 424 1437 preputiatutiis.
479 1349 620 1416 Fortuna
664 1374 735 1418 uero
758 1351 852 1440 felici
874 1355 971 1440 jactu
1009 1353 1095 1416 nauis
1120 1351 1232 1417 autum
1268 1346 1380 1414 intutu

181 1437 322 1502 secundet
353 1448 389 1502 ut
421 1439 524 1502 eutue’a
548 1438 621 1503 bene
643 1441 805 1504 constituta
842 1438 968 1505 uideant
1004 1437 1206 1524 audiantque.
1264 1434 1381 1500 Metra

184 1523 231 1588 sic
254 1546 288 1589 se
314 1525 447 1601 habent,
470 1525 504 1588 in
530 1523 671 1612 Stropha
704 1537 732 1591 1.
756 1525 939 1612 Asynurtet.
953 1546 972 1590 e
987 1523 1131 1597 Dochm.
1174 1533 1206 1593 9.
1228 1519 1378 1588 Dochm.

185 1618 217 1675 3.
240 1611 426 1696 Asynartet.
457 1633 475 1676 e
515 1609 658 1678 Dochm.
716 1622 750 1678 4.
786 1609 890 1677 lamb.
922 1612 1001 1677 dim.
1032 1625 1117 1677 ucat.
1174 1619 1207 1677 5.
1230 1607 1377 1674 Dochm.

185 1697 218 1762 6.
243 1697 372 1762 Period.
405 1709 469 1763 cat.
526 1705 558 1775 7,
581 1706 613 1778 8,
636 1707 669 1773 9.
700 1697 824 1763 Omnes
855 1710 930 1763 eunt
957 1696 1145 1785 Asyuerteti
1180 1718 1200 1762 e
1230 1694 1378 1762 Dochm.

189 1790 240 1847 10.
264 1782 369 1847 Iamb.
392 1783 471 1849 dim.
491 1799 576 1849 ucat.
626 1795 674 1853 ll.
696 1783 799 1850 Abest
821 1783 1007 1872 uStropha‚
1029 1785 1064 1848 in
1078 1782 1295 1871 Antistropha
1308 1803 1376 1846 non

184 1867 249 1933 nisi
286 1869 477 1955 conjectura
515 1871 640 1937 restitui
678 1884 797 1960 potest.
864 1869 934 1937 Nos
974 1869 1164 1936 Choriumb.
1201 1871 1281 1935 dim.
1312 1881 1376 1934 cat.

186 1954 335 2021 fecimus.
381 1962 433 2021 19.
457 1953 600 2021 Dochm.

230 2038 270 2103 In
287 2040 415 2128 Epodo,
454 2051 480 2106 l.
503 2040 689 2129 Asynartet.
709 2066 728 2107 e
746 2042 889 2111 Dochm.
931 2053 964 2110 9.
988 2042 1134 2111 Dochm.
1170 2041 1377 2130 9441111-

187 2127 282 2190 arteti
315 2149 334 2191 e
370 2125 512 2192 Dochm.
564 2140 597 2196 5.
623 2128 766 2194 Dochm.
821 2133 854 2196 6.
877 2129 1062 2218 Aeynnrtet.
1091 2151 1110 2194 e
1143 2127 1287 2195 Dochm.
1345 2137 1376 2200 7.

188 2210 294 2276 lamb.
327 2213 406 2278 dim.
442 2228 525 2278 aeut.
585 2221 616 2290 8,
639 2224 673 2288 9.
700 2215 887 2302 Asynarteti
914 2240 933 2281 e
964 2217 1122 2291 Dochm.,
1158 2224 1208 2281 10.
1231 2213 1375 2282 Dochm.
1470 2270 1471 2277 ,

190 2306 243 2371 11,
271 2298 798 2386 iurnnsynauetienochm.
846 2302 1066 2397 1490111111.
1113 2311 1164 2370 15.
1189 2304 1375 2390 Asynartet.
1470 2308 1471 2367 1

189 2406 208 2448 e
232 2382 377 2451 Dochm.
411 2440 417 2447 .

220 2483 263 2548 7·
278 2480 354 2546 975.
388 2481 503 2538 Toe’.
556 2477 624 2538 nte
646 2474 735 2561 quod
766 2474 909 2561 conjecit
929 2456 1061 2542 8111111.4
1092 2474 1275 2543 Abreschio
1312 2496 1376 2540 non
1470 2440 1471 2447 ἵ

188 2557 353 2721 pia'uegffi
376 2659 475 2710 umor
496 2662 553 2711 un.
596 2652 666 2712 unu
682 2649 705 2709 u
721 2647 843 2714 mavult
858 2644 1017 2714 Abresch.
1031 2651 1075 2715 ab
1089 2654 1133 2730 uir
1148 2647 1348 2738 praecedens.

232 2740 585 2808 interimemur.
631 2741 780 2815 neum»
804 2734 945 2823 Guelph.
976 2734 1052 2802 Ald.
1078 2736 1149 2827 (ubi
1175 2736 1275 2801 etiam
1302 2731 1379 2820 ἔριπ’

191 2823 301 2898 ἰμμίνιι)
323 2818 410 2884 Rob.

235 2916 265 2979 rt·
282 2912 356 2978 978.
380 2920 523 2971 nonunt.
569 2907 664 2987 'Atntu
687 2905 736 2972 vel
760 2909 842 2970 intutu
866 2907 990 2974 mavult
1015 2910 1114 2974 etiam
1145 2909 1278 2976 Schutz.
1305 2905 1380 2994 quie
1470 2892 1471 2895 Ἴ

191 2990 300 3055 statim
323 2996 400 3072 etun
423 2997 519 3076 ωατςὶ,
541 2991 604 3057 nisi
628 2992 713 3057 forte
735 2993 770 3056 in
795 2997 871 3078 altitu
896 2996 986 3060 verbi
1010 2994 1179 3082 cujusdam
1201 2994 1380 3060 infinitivus
1470 3006 1471 3009 ’

189 3075 289 3141 lateat
311 3078 367 3162 qui
389 3080 609 3145 accusativum
624 3083 726 3142 turum
740 3081 875 3167 regebat
888 3079 953 3146 hoc
968 3081 1035 3148 fere
1049 3105 1154 3162 sensu,
1177 3082 1381 3169 conjurarunt
1470 3130 1471 3133 ,

191 3185 221 3227 ee
242 3173 369 3226 mortem
390 3166 477 3248 putri
498 3165 651 3245 illaturos,
674 3178 704 3232 et
730 3185 804 3243 trau,
826 3167 851 3230 ei
872 3189 945 3253 opus
960 3178 1045 3247 esset,
1067 3171 1244 3234 moriturae.
1288 3166 1380 3232 Idem

191 3249 226 3313 in
244 3248 331 3347 edit.
346 3258 378 3315 9.
400 3249 499 3315 habet
525 3257 555 3315 t.
582 3258 676 3335 ttnur,
732 3249 873 3318 Doctius
912 3254 983 3320 haec
1020 3255 1090 3343 egit
1125 3257 1175 3321 vir
1204 3254 1248 3320 cl.
1283 3274 1380 3339 quam

191 3355 309 3401 venus.

235 3432 266 3498 yt.
281 3430 357 3495 979.
381 3437 665 3491 ΞΥΝΘΑΝΕῙΣΘΑΙ.
711 3424 759 3488 eiu
772 3430 897 3492 tetstatur
910 3426 985 3494 Aid.
1001 3440 1040 3494 et*
1050 3449 1129 3492 mox
1143 3426 1202 3492 ‘utu
1217 3430 1301 3510 utu.

236 3521 267 3584 u.
282 3515 358 3581 981.
393 3525 440 3572 το
463 3506 687 3590 unumunurn,
716 3527 876 3577 unnnou.
937 3514 1192 3580 Distinctionem
1221 3511 1292 3578 tolli
1317 3511 1384 3580 vuit
1470 3536 1471 3539 ¹

824 831 959 913 unua.)
1006 831 1104 897 Adue
1133 841 1192 897 tem
1278 830 1390 895 lucem.

1425 3489 1440 3526 Χ

194 3594 358 3674 Abreseh.
377 3599 576 3678 ntuuxtmua
595 3600 681 3678 itaut·
705 3597 790 3662 idem
807 3599 847 3663 sit
861 3601 950 3686 quod
965 3605 1051 3684 neate
1063 3607 1277 3683 μιμηχαημίνπ.
1319 3598 1382 3665 Sed

195 3698 232 3746 ut
247 3682 377 3769 opinior
391 3680 511 3745 fallitur
527 3685 575 3747 vir
588 3683 629 3750 cl.

237 3781 267 3842 77·
285 3776 362 3841 989.
393 3782 525 3833 nenne.
581 3770 654 3834 Nisi
681 3768 779 3835 fuerit
810 3773 984 3862 appositio,
1019 3786 1056 3839 ut
1086 3771 1232 3838 Heathio
1265 3771 1382 3863 plueret,
1470 3784 1471 3837 t

195 3855 285 3938 (vide
311 3855 415 3920 Notus
445 3853 537 3919 Varr.
569 3855 783 4008 Philologff.)
799 3857 936 3924 libenter
959 3860 1092 3947 legerim
1124 3862 1214 3940 urite,
1244 3875 1282 3926 ut
1303 3864 1381 3926 ..a
1468 3858 1471 3915 1

195 3947 290 4023 tanuen
306 3936 477 4028 jungatur.
521 3940 593 4006 Par
607 3963 715 4029 'compe
735 3966 789 4007 um
812 3946 964 4013 dicuntur
986 3946 1046 4012 illae
1072 3947 1244 4035 compedes
1267 3948 1382 4035 quibus
1470 3970 1471 3985 ¹

196 4049 321 4107 manus,
345 4043 379 4092 et
394 4027 454 4091 illue
469 4029 586 4114 quibus
600 4031 698 4116 pedes
712 4029 895 4120 alligantur.

202 4163 207 4174 .
239 4112 326 4178 Ibid.
349 4129 509 4178 xnreorn.
552 4121 627 4201 mut
641 4115 741 4180 Turn.
786 4118 874 4183 Mox
889 4120 1012 4204 tonate
1027 4116 1169 4207 Guetph.

204 4244 208 4251 -
238 4212 270 4274 u.
285 4208 361 4273 983.
382 4202 593 4266 nunnrunu'.
628 4203 848 4269 1111111101).
1275 4248 1281 4255 »

238 4299 271 4361 y.
286 4294 362 4358 984.
393 4302 551 4354 1111111111.
607 4292 706 4370 'Ariete
738 4289 831 4356 Med.
871 4292 958 4356 Rob.
998 4290 1108 4358 Pauw,
1139 4290 1262 4358 Heath.
1299 4293 1383 4379 quad

196 4373 414 4523 &annuerim
436 4374 583 4473 quumvis
611 4375 704 4439 aliter
731 4376 894 4462 vulgatam
924 4379 1152 4464 interpretetur
1173 4379 1332 4446 Abresah.
1351 4381 1382 4444 in

234 4472 296 4521 otrs
314 4456 404 4521 Varr.
422 4459 607 4548 Philologg.
623 4483 765 4548 quocum
781 4464 860 4528 iecit
875 4463 1007 4530 Schutz.
1132 4508 1136 4517 ι

241 4542 330 4611 Ibid.
352 4556 508 4611 uerene.
550 4553 677 4624 neteuet’
694 4548 783 4616 Rob.
827 4551 913 4617 Mox
928 4556 967 4641 117
981 4549 1076 4617 Med.
1099 4550 1185 4619 nou.
