2960 4938
184 317 290 387 curu
315 320 455 389 noris
479 321 619 389 vana.
646 319 703 388 ur
724 318 926 389 surrent
951 320 1107 400 cntra,
1201 329 1245 390 aa
1293 278 1299 287 ”

51 469 200 559 Xenoph.
218 475 422 542 K.11.Vlll.
443 485 514 544 104.
538 492 622 542 extr.
665 480 713 547 ‘tte
736 479 760 539 tt
786 479 874 545 loom
892 481 1057 561 Ἀῃαφίῳλς
1074 480 1095 540 tr
1111 482 1170 561 lm>
1184 483 1255 541 lisa.

51 563 88 657 sle
107 568 193 638 κῦρον,
215 570 355 627 ἐπιτίθεται
380 569 425 628 καὶ
451 573 537 637 αὐτός.
590 567 631 627 ’Er
655 568 716 648 ι’ςγῳ
742 566 830 629 recte
854 565 1084 651 iuterpretatur
1111 564 1246 629 Schutz.

47 666 81 711 ‚tu
119 663 139 706 u
206 693 213 708 .
756 672 759 687 ·

89 667 211 805 dlldl,
235 748 370 799 mats.
417 733 518 800 Hunc
545 749 579 799 et
609 756 700 822 seqq.
724 751 864 822 quatuor
890 735 1065 802 versiculos
1092 750 1246 822 tanquam

55 814 142 903 plane
158 835 329 905 corruptos
345 821 452 907 signat
468 822 555 885 Rob.

94 901 178 967 lbid.
210 921 327 970 Bantt.
384 907 610 972 inducendum
637 928 706 971 esse
726 914 787 975 βέλη
810 907 866 972 hic
893 921 1005 972 censet
1034 908 1144 972 Pauw.
1171 928 1248 971 cunr

55 989 145 1075 paulo
169 1012 267 1076 supra
289 995 500 1079 praecesserit,
532 994 619 1057 unde
641 1016 768 1058 versum
793 993 896 1058 efficit
918 993 1038 1058 Troch.
1062 994 1141 1058 dim.
1162 1009 1248 1058 acat.

57 1075 171 1139 Monet
185 1079 293 1141 etiam
321 1101 379 1166 pro
404 1087 465 1150 βέλη
485 1080 597 1166 reponi
621 1102 713 1166 posse
733 1085 806 1160 ξίφη,
827 1081 882 1144 sed
901 1079 979 1144 illud
997 1081 1103 1144 miuus
1120 1081 1249 1166 probat.

58 1160 207 1247 Denique
232 1178 338 1228 totum
362 1164 469 1230 locum
495 1168 541 1230 sic
565 1165 748 1252 distinguit,
769 1171 789 1204 “
807 1176 851 1230 rt<
874 1169 1008 1248 ligustide
1029 1169 1099 1246 ἁλὴς,
1125 1167 1253 1246 ἀλαλητὸς

56 1251 144 1328 lo'por3
169 1255 262 1322 Σκύθης
284 1256 322 1314 τά
339 1259 366 1316 τ’
379 1262 400 1315 t·
423 1263 503 1334 χιςοῖλ
518 1259 651 1316 παλίντον’
665 1258 750 1336 ingre
763 1259 824 1324 βέλη
837 1254 987 1317 'Iltoea'tutm
1000 1255 1090 1335 ”Apa
1113 1253 1209 1332 inlui
1223 1253 1252 1313 τ’

57 1343 192 1398 αὐτόκωπα
225 1341 314 1415 rupti»,
344 1353 380 1401 ut
415 1360 454 1402 ea
482 1361 555 1423 quae
587 1353 661 1425 post
685 1341 761 1417 lips»
791 1339 944 1403 dicuntur
976 1338 1041 1401 sint
1071 1338 1251 1425 responsio.

57 1426 143 1493 Σκύθης
168 1443 228 1507 pro
251 1423 384 1489 homine
408 1424 488 1503 fero,
511 1426 607 1509 eique
622 1424 758 1509 junctus
780 1425 898 1490 idonee
915 1425 982 1509 ipse
1000 1423 1121 1489 Mars.''
1166 1423 1251 1488 Haec

58 1507 117 1573 ille.
162 1508 321 1574 Schutzio
347 1510 469 1598 placuit
494 1516 565 1590 ξίφη,
595 1511 652 1596 qui
678 1509 862 1597 posthunc
887 1532 1013 1576 versum
1036 1510 1160 1596 aliquot
1185 1508 1264 1575 ver·'

58 1592 174 1658 siculos
210 1596 412 1661 intercidisse
445 1598 623 1661 existimat.
681 1608 743 1665 Βίλλ
780 1619 846 1661 non
887 1612 991 1661 mutat
1033 1596 1254 1676 Herrnannus,

58 1694 169 1744 mouet
192 1684 278 1745 euitu
304 1683 384 1747 nihil
413 1684 447 1747 in
471 1683 629 1770 AEschylo
656 1682 855 1769 frequentius
885 1705 955 1747 esse
980 1705 1078 1767 quam
1107 1682 1254 1768 ejusdem

60 1767 146 1830 uerbi
172 1767 206 1829 in
233 1769 350 1833 eodem
377 1770 451 1834 loco
471 1772 593 1835 crebrae
609 1770 831 1858 repetitiones.
875 1768 937 1833 Cui
953 1771 1120 1833 assentior.
1166 1769 1254 1834 Nam

61 1856 201 1916 aalma»
221 1862 293 1924 βέλος
316 1870 364 1920 est
383 1856 476 1922 telum
498 1855 741 1934 manubriolum,
764 1856 797 1920 h.
813 1879 842 1922 e.
862 1855 998 1956 gladius,
1029 1860 1169 1919 adelaisa
1185 1861 1257 1934 ξίφος

62 1954 168 2097 saltem
203 1940 331 2027 gladius
375 1957 424 2008 est
463 1943 693 2020 manubriatos,
738 1942 827 2029 quod
863 1956 1007 2030 ineptam
1046 1944 1146 2030 spirat
1186 1959 1256 2008 tau-

63 2039 126 2089 too
152 2048 229 2091 tarn.

100 2049 225 2187 rglo'e.
245 2127 450 2182 rnrtorora.
495 2122 599 2179 ’netes
615 2112 758 2201 Guelph.
801 2120 917 2189 antea
932 2115 1020 2197 Rob.

101 2210 134 2273 γ.
151 2200 224 2264 163.
247 2217 432 2268 narrare,
494 2209 595 2278 untes
620 2200 694 2265 Ald.
731 2202 818 2266 Rob.
856 2200 957 2267 Turn.
991 2200 1170 2290 H.Steph.
1200 2200 1259 2287 qui

63 2283 172 2349 locum
192 2287 301 2374 signat
316 2304 469 2374 tanquam
484 2303 685 2375 corruptum.
731 2287 787 2353 Sic
803 2286 936 2354 Canter.

108 2370 195 2436 lbid.
229 2389 343 2439 rtem.
388 2375 578 2440 Locus-hic
608 2372 743 2438 omnino
770 2396 903 2440 mancus
933 2389 992 2459 est,
1028 2389 1060 2439 et
1092 2374 1167 2439 ideo
1196 2373 1263 2462 sig·

67 2457 225 2523 nevimus.
271 2459 355 2526 Haec
371 2462 519 2526 videntur
534 2483 603 2525 esse
619 2462 717 2524 verba
733 2460 882 2542 Electrae,
908 2473 945 2523 tte
959 2464 983 2523 tt
998 2465 1064 2540 puta
1081 2461 1177 2527 Roa.
1257 2523 1263 2531 ,

108 2556 137 2618 r.
155 2545 228 2611 165.
250 2562 377 2612 aaron
400 2562 453 2612 su
477 2561 656 2613 oexarrar.
694 2559 781 2623 Atym
794 2551 940 2631 ᾰλςχιλλι
955 2546 1031 2610 Ald.
1047 2548 1135 2612 Rob.
1175 2546 1263 2611 Mox

66 2633 130 2697 totu
151 2631 212 2709 &ve
234 2631 309 2698 Ald.

110 2719 227 2793 2168.
255 2734 503 2785 Btzrutssonort.
563 2719 648 2784 Satis
678 2719 818 2783 absurda
844 2732 892 2784 est
920 2719 1107 2782 emendatio
1140 2719 1264 2783 Pauwii

71 2804 296 2892 reponendae
318 2808 448 2883 ilpcortor.
495 2807 592 2870 Patet
617 2806 715 2884 enim,
749 2805 838 2891 quod
865 2820 898 2868 et
922 2805 1005 2869 vidit
1026 2802 1148 2868 Heath.
1165 2827 1208 2869 ex
1226 2806 1266 2868 iis

71 2913 138 2978 quae
163 2908 354 2976 sequuntur,
389 2892 526 2957 voluisse
555 2891 717 2956 Electrum
748 2892 782 2958 h.
804 2892 824 2956 l.
855 2892 1000 2970 inuuere,
1038 2890 1133 2955 facile
1163 2892 1267 2955 cuivis

30 3012 33 3017 ·
71 2999 136 3042 esse
159 2979 316 3063 suspicari
341 2978 465 3043 Orestis
487 2979 640 3066 capillum
668 2978 756 3043 huuc
785 3000 864 3044 esse.
918 2977 1004 3051 Mox
1034 2981 1091 3042 τόδ’
1119 2981 1160 3040 ἐπὶ
1191 2977 1266 3041 Ald.

72 3063 431 3152 mmmmm.

113 3164 143 3218 t.
163 3151 236 3224 169.
258 3168 332 3216 noa
355 3169 423 3216 oru
451 3164 599 3215 Πλλλιλ
620 3164 727 3214 narn
749 3167 936 3216 naornrna
961 3167 1086 3228 uaoo3
1111 3150 1270 3215 Ponenda

73 3240 182 3326 potius
213 3239 476 3326 interrogationis
506 3253 585 3302 uota
616 3255 689 3325 post
719 3237 756 3315 riv,
788 3253 822 3302 et
852 3237 990 3302 delenda
1019 3252 1092 3323 post
1120 3240 1202 3313 μάθω·
1233 3253 1270 3301 ut

96 3324 172 3388 aUlO
228 3339 289 3401 081,
316 3334 404 3397 ποίαις
434 3330 551 3406 ἰῧιῖξλιλς;
582 3334 644 3387 ‘talto
670 3325 721 3407 'yde
749 3331 808 3386 θίλυ
833 3331 930 3396 μαθεῖν.
968 3324 1011 3388 Η.
1029 3323 1168 3387 Srttrtt.
1226 3323 1272 3387 At

116 3433 159 3475 nc
217 3411 415 3497 istinguendi
443 3413 602 3474 rationem
636 3412 827 3474 sententiam
860 3433 988 3497 prorsus
1020 3411 1156 3496 perdere
1183 3426 1271 3474 recte

76 3498 159 3564 sidit
182 3496 304 3560 Heath.

118 3589 237 3663 y.170.
266 3599 432 3648 sstrntro
453 3599 531 3647 unt.
574 3588 675 3665 tutent
698 3612 729 3643 m
754 3580 894 3667 Guelph.
920 3580 994 3646 Ald.
1018 3582 1104 3644 Rob.
1153 3581 1274 3647 Nescio

77 3693 117 3736 nn
139 3671 228 3736 forte
249 3670 423 3756 legendum
449 3692 523 3732 cunr
552 3669 817 3754 interrogatione,
846 3672 954 3750 :rigent
976 3693 1028 3746 m;
1057 3668 1172 3732 Annon
1193 3670 1275 3732 alius

79 3771 120 3825 est
138 3767 258 3846 prater
280 3778 327 3820 me
344 3757 396 3842 qui
411 3754 498 3839 illum
512 3754 675 3820 detondere
684 3755 832 3841 potuerit,
856 3753 988 3818 Orestes
1004 3754 1072 3819 scil.
1118 3755 1182 3819 Sed
1201 3756 1275 3820 vide

79 3846 186 3914 Notas
209 3843 302 3907 Varr.
328 3842 512 3929 Philologg.

121 3948 152 4009 γ.
166 3936 241 4002 171.
263 3943 403 3994 atteror.
449 3923 661 4011 ἘχθςοῖςΑΙά.
686 3925 786 3990 Turn.
838 3926 935 3991 Hunc
967 3949 1089 3990 versum
1121 3948 1196 3990 cum
1227 3928 1277 3991 in·
1373 3958 1377 3963 ·

79 4018 302 4107 terrogatione
344 4016 424 4104 legit
462 4012 660 4077 lsCasaub.
689 4014 745 4078 sed
777 4012 882 4076 minus
915 4017 1006 4077 bene.
1064 4012 1192 4095 Multas
1221 4013 1276 4078 hic

79 4109 190 4172 turbas
224 4103 343 4167 frustra
375 4114 485 4166 movet
519 4099 622 4163 Pa'uw.
694 4099 840 4164 Primum
871 4099 959 4162 enim
988 4098 1088 4162 voluit
1116 4099 1157 4162 ad
1189 4098 1275 4165 hunc

78 4193 215 4258 modum
239 4189 450 4276 distinguere,
472 4188 576 4268 Ἐχθςοὶ
598 4190 650 4269 γὰρ
671 4191 706 4258 de
729 4196 839 4265 σςοσῆκι
859 4192 982 4251 φιλοῦσαι
1000 4194 1081 4265 τριχί,
1104 4186 1279 4251 subaudito

81 4279 151 4346 scil.
173 4275 415 4354 ιλσὶ,1ιλοῑεηιιε
441 4287 539 4337 recte.
585 4269 716 4336 Deinde
738 4271 856 4358 partim
881 4271 953 4335 Ald.
970 4286 1004 4334 et
1018 4269 1117 4335 Turn.
1134 4274 1279 4360 vestigiis

82 4366 232 4432 insistens
254 4360 429 4448 legendum
455 4359 630 4435 exlstlmat,
658 4364 773 4441 Ἐχθςοῒς
794 4364 844 4439 γὰρ
867 4365 884 4421 ti
906 4366 1016 4440 ωςοσῆκι
1045 4350 1168 4424 otiliam
1196 4365 1279 4442 τριχὶ,

83 4451 172 4539 quod
194 4448 283 4514 haud
308 4468 425 4536 negem
452 4445 530 4509 satis
557 4445 639 4507 bene
663 4445 728 4508 dici
751 4466 856 4530 posse,
879 4443 934 4507 sed
950 4458 984 4506 et
999 4443 1130 4530 vulgata
1144 4462 1231 4509 recte
1247 4468 1281 4509 se

85 4538 197 4605 habet·
245 4532 334 4602 Mox
363 4532 527 4622 duplicem
564 4529 644 4596 olim
680 4530 779 4596 fuisse
812 4529 988 4605 lectionem
1025 4529 1215 4618 suspicatur,
1249 4547 1284 4593 et
