2958 4938
619 303 1038 374 CHOEPHORAE.

403 456 585 535 Auxilietur,
610 474 641 524 et
660 459 693 523 in
714 474 867 525 certarnen
888 483 949 525 una
971 461 1128 526 descendat
1151 461 1291 528 terrestris

487 559 666 636 Mercurius,
1353 581 1398 650 72
1403 578 1424 645 5

402 658 442 720 Et
454 676 618 724 nocturnus
632 661 663 724 in
677 660 760 725 hisce
772 661 879 749 dirigat

402 759 622 826 Certaminibus
636 762 827 850 gladiatoriis.

708 949 933 1015 IAMBI.

316 1138 324 1153 .
400 1089 528 1153 Videtur
541 1088 591 1152 hic
605 1089 712 1169 hospes
726 1089 840 1151 malum
854 1090 983 1155 attulisse
1004 1092 1125 1169 adibus,

400 1182 577 1255 Hancvero
594 1190 753 1255 Nutricem
767 1190 882 1255 Orestis
896 1190 1018 1255 flentem
1033 1193 1129 1256 video.

400 1292 476 1371 Quo
491 1292 598 1367 calcas,
613 1290 733 1365 Gilissa,
749 1290 860 1353 adium
873 1289 969 1354 fores?

399 1390 500 1454 Dolor
512 1392 564 1477 qui
578 1407 606 1454 te
620 1390 781 1454 comitatur
793 1391 857 1454 sine
871 1392 1007 1455 mercede
1021 1410 1075 1456 est.

398 1492 536 1556 Domina
549 1515 618 1578 quae
633 1491 762 1574 hospites
776 1492 888 1573 excipit
902 1492 1077 1579 AEgisthum
1091 1512 1199 1557 vocare

400 1593 506 1674 Quam
520 1593 660 1657 citissime
669 1593 765 1679 jussit,
790 1608 825 1674 ut
836 1595 963 1675 apertius

398 1694 457 1759 Vir
470 1717 488 1757 a
501 1695 566 1758 viro
579 1694 661 1758 hunc
677 1694 908 1776 nuper-allatum
922 1716 1075 1759 rumorem

400 1797 575 1860 Adveniens
584 1798 694 1863 audiat.
737 1796 851 1861 Coram
862 1796 981 1861 famulis
995 1798 1117 1884 quidem
1356 1803 1420 1886 735

399 1897 503 1960 Posuit
516 1898 610 1961 risum
621 1899 676 1960 sub
691 1897 820 1960 tristibus
831 1896 926 1977 oculis

399 2001 568 2066 Occultans
582 2002 622 2062 ob
637 2023 700 2063 rem
712 2016 872 2081 peractam.
917 2002 999 2067 Bene

401 2102 458 2178 Illi,
482 2103 595 2166 adibus
605 2125 677 2166 vcro
687 2102 769 2165 hisce
782 2102 984 2167 infelicissime
997 2102 1117 2181 accidit,

400 2205 453 2268 Ob
466 2204 546 2268 hanc
560 2204 672 2268 famam
688 2227 780 2290 quarn
794 2207 872 2269 clare
887 2205 1066 2269 nunciarunt
1079 2205 1221 2289 hospites.

400 2306 491 2370 Certe
506 2307 554 2369 itte
568 2306 688 2370 audiens
703 2308 806 2370 animo
821 2307 978 2384 laetabitur,
1355 2323 1420 2393 749

324 2407 327 2414 ’
400 2409 484 2471 Laete
499 2407 660 2493 interroget
669 2408 705 2471 de
717 2408 848 2473 historia.
894 2409 927 2474 Ο
942 2408 1081 2473 miseram
1095 2407 1160 2473 me!

399 2511 506 2590 Quam
520 2507 594 2571 mihi
606 2509 728 2595 antiqua
742 2510 899 2591 permixta,

398 2609 530 2672 Doiores
544 2630 607 2672 non
622 2607 734 2675 ferendi
748 2610 780 2673 in
793 2610 839 2674 his
852 2609 937 2675 Atrei
952 2610 1075 2686 aedibus,

399 2714 540 2775 Mentem
554 2711 628 2774 mihi
642 2712 674 2774 in
687 2726 808 2793 pectore
821 2731 962 2775 moestam
975 2707 1178 2775 reddiderunt!

399 2815 569 2900 Nunquam
583 2830 683 2878 tamen
697 2815 786 2878 talem
797 2813 948 2898 jacturam
960 2811 1096 2876 sustinui.
1356 2829 1419 2909 745

399 2916 519 2980 Caetera
533 2914 614 2977 eninr
629 2915 707 2977 mala
720 2915 864 2996 patienter
877 2913 1016 2978 exhausi:

399 3019 518 3080 Verum
533 3015 657 3078 charum
672 3017 821 3090 Orestem,
840 3037 916 3078 meae
929 3014 1039 3079 animae
1052 3011 1310 3092 exercitationem,

402 3118 508 3197 Quem
522 3139 540 3178 a
555 3131 648 3178 matre
663 3114 815 3196 excipiens
829 3114 967 3192 enutrivi,

399 3218 442 3281 Et
455 3239 473 3279 e
487 3217 641 3279 nocturnis
652 3216 775 3278 sublatae
788 3214 872 3278 vocis
882 3214 969 3297 jussis

402 3320 442 3382 Et
456 3317 551 3380 multa
565 3333 595 3380 et
607 3315 765 3393 fastidiosa,
787 3316 902 3379 inutilia
915 3316 991 3379 mihi
1356 3330 1375 3398 7
1379 3331 1420 3400 50

401 3421 484 3501 Quae
494 3418 630 3482 sustinui.
654 3418 748 3500 Quod
762 3417 844 3481 enirn
858 3439 921 3480 non
930 3417 1014 3500 sapit,
1030 3433 1172 3505 tanquam
1181 3418 1303 3480 brutum
1316 3438 1419 3498 pecus,

399 3522 536 3585 Educare
550 3542 678 3595 necesse,
701 3519 859 3606 quomodo
870 3517 952 3582 enim
966 3517 1048 3582 non?
1070 3517 1206 3603 prudenti
1220 3518 1331 3583 modo:

400 3625 476 3686 Non
492 3621 573 3684 enirn
588 3619 666 3684 fatur
678 3643 751 3701 puer
764 3620 861 3684 adhuc
875 3620 907 3683 in
920 3620 1028 3696 fasciis,

401 3721 459 3785 Seu
473 3720 578 3796 fames,
590 3722 650 3784 sive
665 3722 736 3797 sitis,
756 3738 808 3784 aut
822 3719 958 3784 urinandi
969 3720 1061 3782 libido

340 3808 346 3821 ’
400 3826 530 3908 Urgeat:
547 3839 646 3886 tenera
654 3845 725 3885 vero
737 3824 819 3885 alvus
828 3821 990 3885 liberorum
1002 3823 1113 3885 horum
1122 3834 1265 3886 contenta
1277 3836 1332 3902 est,
1356 3840 1374 3908 7
1377 3841 1397 3907 ς
1400 3837 1419 3906 5

399 3925 493 3986 Vates
506 3920 643 3986 existens.
690 3924 775 4003 Saepe
789 3944 859 3986 vero
876 3923 1005 3985 existimo

399 4027 508 4090 Errms
520 4023 602 4105 pueri
615 4023 720 4087 fascias
732 4023 837 4087 nitidas
848 4022 969 4099 reddidi,

400 4125 507 4190 Lotrix
520 4125 681 4210 nutrixque
695 4123 823 4188 eundern
838 4122 981 4188 habuistis
995 4121 1100 4187 finem.

402 4229 471 4315 ligo
486 4248 556 4291 vero
573 4227 683 4308 duplex
696 4226 756 4289 hoc
771 4224 906 4288 officium

402 4329 532 4405 Corans,
555 4328 696 4393 Orestem
710 4326 814 4408 excepi
834 4328 878 4390 ud
888 4325 1080 4389 enutriendum
1095 4325 1181 4408 patri.
1358 4329 1419 4416 760

401 4435 519 4497 Verum
534 4448 615 4495 nunc
629 4445 783 4497 mortuum
797 4450 860 4494 esse
873 4427 962 4493 audio
972 4427 1091 4493 msera.
