2958 4938
609 186 1026 255 CHOEPHORAE.

400 341 501 407 Rubet
516 366 592 430 gena
604 343 830 407 lacerationibus

398 445 556 528 Unguium
570 444 654 506 sulco
668 441 893 516 recens-inciam

401 541 465 605 Cor
480 564 549 605 veto
564 555 706 629 perpetuo
721 542 878 628 gemitibus
892 539 1030 621 pascitur.

402 643 565 724 usurpata
581 628 868 709 tantumtantum

403 744 532 809 Laciniae
548 762 643 831 ruptae
659 759 835 825 crepuerunt
849 765 909 825 prae
925 743 1039 816 dolore,

402 848 567 910 Pectotales
582 863 701 909 ornatus

402 947 560 1028 Peplorum
574 949 614 1010 ob
627 946 774 1012 deflendas

403 1049 538 1111 Miserias
550 1069 777 1111 concussurum.

234 1269 325 1315 autem
342 1248 466 1328 insignes
490 1257 553 1305 sunt
574 1245 703 1306 rubentes
726 1246 937 1306 lacerationibus
958 1246 1034 1307 sulco
1054 1246 1152 1327 unguis
1171 1265 1268 1304 recens
1289 1258 1422 1306 exarato:

234 1369 283 1409 cor
296 1366 386 1406 meum
400 1343 520 1422 pascitur
533 1356 667 1419 perpetuo
681 1341 832 1422 gemitibus
840 1363 851 1411 ;
872 1357 900 1400 et
913 1339 1092 1402 lacerationes
1106 1339 1236 1407 vestium,
1260 1340 1286 1396 Ιι.
1301 1363 1324 1398 e.
1344 1339 1422 1399 laca-

233 1457 303 1502 ratae
322 1453 419 1503 vastes,
437 1433 564 1513 quelina
583 1432 755 1509 dirumpunt,
775 1458 833 1517 qaae
852 1440 992 1514 perniciem
1015 1439 1129 1513 afferunt
1149 1432 1212 1500 lina,
1236 1433 1332 1492 fracte
1353 1446 1421 1492 sunt

234 1555 291 1614 prae
301 1530 456 1590 doloribus:
476 1543 577 1598 vestes,
600 1529 725 1606 inquam,
747 1528 802 1586 illae
823 1549 887 1606 quae
899 1544 996 1602 pectus
1010 1540 1116 1606 tegunt,
1138 1541 1227 1600 ruptae
1240 1539 1305 1584 sunt
1317 1540 1424 1595 vestes,

234 1629 298 1684 dum
323 1623 403 1699 pallae
422 1635 524 1680 nostrae
551 1620 742 1696 percutiuntur
762 1621 974 1687 calamitatibus,
998 1636 1103 1700 propter
1124 1618 1301 1685 calamitates,
1330 1619 1419 1678 rmum

235 1718 438 1781 cohibentibus,
480 1716 555 1774 Nam
572 1730 661 1774 certus
672 1730 761 1777 metus
783 1715 832 1793 qui
851 1714 965 1791 capillos
979 1713 1047 1772 facit
1067 1712 1186 1791 erigere,
1207 1712 1423 1789 Clytemnestrae

234 1813 344 1872 oblatus
358 1809 388 1868 in
401 1808 514 1867 somniis
536 1807 638 1886 aliquid
660 1808 825 1885 predicens,
836 1797 841 1805 ’
851 1821 914 1887 post
937 1825 1067 1866 somnum
1081 1805 1131 1865 vel
1139 1811 1208 1866 inter
1219 1827 1332 1865 sannam
1348 1804 1421 1864 iram

235 1904 353 1982 spirans,
372 1899 461 1957 edidit
475 1914 556 1958 nocte
570 1899 737 1977 intempesta
750 1899 897 1958 clamorem
917 1918 933 1957 e
945 1897 1132 1976 penetralibus
1145 1898 1242 1957 domus
1256 1919 1314 1976 prae
1327 1913 1420 1964 metu,

234 2011 325 2056 ernam
340 1998 476 2058 incutiens,
496 1991 546 2068 qui
561 2007 648 2051 metus
668 1991 761 2071 gravis
780 1992 908 2052 incubuit
920 1993 949 2051 in
962 1992 1121 2052 cubiculum
1134 1990 1266 2050 muliebre
1283 1992 1422 2070 Clytem-

235 2102 342 2147 ttestrae.
382 2085 420 2142 H.
431 2109 454 2143 a.
476 2086 658 2159 Clytemncstra
668 2101 737 2147 nocte
747 2091 834 2147 media
847 2091 923 2147 vidit
932 2091 1054 2146 samniam
1067 2109 1115 2165 quo
1127 2084 1288 2145 vehementer
1293 2100 1420 2144 terretur.

235 2177 382 2258 Caligines
393 2196 489 2234 omnes
500 2177 556 2235 sole
570 2193 704 2244 carentes,
718 2185 817 2258 nigra,
830 2179 989 2239 hominibus
998 2199 1099 2247 exosa,
1114 2192 1215 2258 tegunt
1224 2177 1295 2237 hanc
1305 2180 1421 2238 domurn

234 2293 285 2352 per
307 2287 423 2329 mortem
443 2269 552 2329 domini
572 2271 803 2350 Agamemnonis.
843 2272 1018 2346 Reverentia,
1038 2271 1165 2347 majestas
1183 2269 1422 2349 inexpugnabilis,

234 2363 436 2442 insuperabilis,
466 2383 529 2440 quae
550 2365 628 2422 nullo
648 2365 721 2425 bello
743 2378 852 2443 poterat
876 2365 946 2440 eripi
967 2364 1055 2444 prius,
1081 2384 1165 2442 quarn
1191 2361 1313 2420 obtinuit
1336 2365 1421 2442 Aga-

235 2477 380 2524 memnon,
400 2471 547 2534 penetrans
567 2477 617 2531 per
637 2477 714 2516 aures
736 2473 766 2516 et
786 2472 907 2517 mentem
930 2458 1070 2535 publicam
1082 2454 1203 2514 universi
1215 2454 1326 2533 populi,
1345 2473 1422 2514 nunc

235 2555 325 2620 abest,
334 2576 381 2611 nan
393 2556 519 2629 reperitur
529 2556 558 2609 in
570 2550 709 2631 AEgistlta.
753 2555 793 2610 At
803 2570 876 2609 nunc
887 2549 985 2610 metuit
995 2547 1108 2627 aliqttiS,
1121 2545 1179 2615 vel,
1192 2569 1269 2626 usqua
1278 2550 1344 2627 jam
1354 2564 1422 2607 meta

235 2652 387 2718 continetur,
407 2665 454 2702 nort
474 2648 634 2702 reverentia.
674 2642 740 2702 Hoc
759 2659 849 2701 autern
873 2644 977 2722 ipsum,
997 2647 1086 2702 timeri
1103 2665 1139 2701 sc.
1158 2659 1183 2701 et
1200 2665 1255 2700 cum
1269 2649 1423 2703 reverentia

236 2743 295 2813 cali,
315 2739 388 2797 inter
408 2738 536 2796 mortales
550 2737 625 2795 Deus
640 2750 680 2795 est
700 2751 728 2794 et
747 2756 830 2815 supra
842 2737 947 2803 Deum,
967 2739 1090 2794 divinum
1110 2750 1149 2794 est
1164 2751 1191 2795 at
1209 2752 1287 2812 supra
1309 2738 1344 2792 id
1359 2736 1426 2814 quad

236 2838 358 2891 divinum
369 2847 415 2888 ast.
438 2828 495 2896 Va,
510 2829 652 2904 Ejusmodi
663 2844 752 2888 autern
767 2831 894 2896 felicitas,
906 2835 1016 2889 retinere
1026 2844 1122 2888 statum
1133 2845 1203 2887 tuum
1216 2851 1272 2887 cam
1283 2835 1424 2897 metuaris,

236 2926 289 2981 deo
303 2926 459 2987 conveniat,
479 2936 526 2979 aut
540 2923 563 2979 si
582 2922 648 2991 quid
663 2923 739 3001 fingi
758 2939 841 3000 potest
861 2922 925 2981 Deo
947 2923 1043 2999 majus.
1084 2923 1123 2979 At
1142 2920 1288 2982 inclinatio
1303 2921 1423 2998 justitias

237 3017 319 3073 velox
331 3013 443 3090 respicit
457 3018 554 3078 noxios,
573 3013 642 3071 alios
664 3014 777 3084 quidem
797 3016 828 3071 in
847 3015 921 3073 clara
939 3017 1014 3082 luce,
1031 3017 1122 3092 palam
1135 3029 1164 3074 et
1177 3015 1282 3076 statim:
1302 3030 1333 3074 at
1346 3037 1423 3094 quar-

237 3125 346 3184 cunque
366 3103 461 3161 scelera
481 3119 605 3170 manent,
627 3104 721 3173 lateat,
745 3105 775 3164 in
796 3109 971 3167 tenebrarum
992 3108 1093 3183 spatio,
1112 3110 1280 3190 germinant,
1295 3116 1424 3187 pariant,

238 3199 349 3255 dolores
371 3210 496 3253 aeternos.
537 3197 609 3254 Istos
629 3214 721 3257 autern
742 3200 871 3259 scelestos
894 3222 951 3261 nox
973 3196 1089 3268 aeterna,'
1107 3207 1151 3261 uel
1174 3219 1264 3281 opaca,
1288 3219 1422 3282 occupat.

240 3291 324 3349 Certe
346 3292 383 3347 ob
404 3288 561 3367 sanguinem
582 3304 697 3363 epotum
720 3312 737 3350 a
759 3293 859 3352 tellure
883 3295 990 3368 altrice,
1012 3295 1094 3355 ultrix
1113 3295 1199 3354 caedes
1219 3296 1273 3357 fixa
1291 3310 1346 3363 est,
1365 3316 1423 3355 non

239 3383 371 3441 dilabens.
414 3380 509 3438 Caedes
523 3395 628 3458 patrata
642 3399 787 3459 perpetuos
808 3384 946 3444 cruciatus
959 3388 1075 3446 afferens
1092 3387 1187 3446 differt
1198 3403 1317 3463 sontem,
1338 3387 1381 3448 ita
1395 3404 1424 3449 ut

239 3475 376 3554 germinet
389 3473 503 3531 morbos
516 3486 648 3531 aternum
664 3476 819 3535 duraturos.
861 3480 1000 3538 Ceterum
1013 3479 1080 3539 istos
1093 3494 1195 3541 aeterna
1212 3482 1262 3540 val
1271 3498 1353 3560 opaca
1367 3504 1424 3542 nox

239 3579 367 3644 occupat.
409 3565 451 3622 Ut
464 3563 491 3620 ei
505 3564 555 3642 qni
567 3567 706 3642 aperuerit
717 3568 822 3641 aliquid
836 3571 871 3629 de
885 3572 953 3630 locis
966 3573 1145 3633 muliebribus
1159 3576 1266 3633 nullum
1280 3590 1322 3634 est
1334 3597 1423 3636 reme-

239 3660 325 3723 dium,
340 3656 380 3714 sic
394 3656 486 3714 omnia
499 3657 610 3716 flumina
623 3680 658 3718 ex
670 3682 723 3719 uua
740 3665 785 3721 via
799 3664 948 3731 venientia,
968 3665 994 3724 h.
1008 3690 1032 3726 e.
1053 3673 1082 3724 ia
1102 3671 1206 3728 eandem
1226 3674 1305 3728 viam
1326 3673 1422 3748 carfia-

240 3757 323 3817 entia,
337 3749 404 3807 nihil
412 3750 537 3823 affirmem
550 3751 582 3808 ad
598 3755 770 3831 purgandum
784 3756 924 3818 hominem
939 3757 1084 3817 scelestum
1097 3761 1133 3817 ab
1147 3758 1310 3819 imminente
1322 3763 1422 3821 exitio.

241 3845 315 3903 Mihi
337 3864 405 3901 vero
425 3844 559 3917 decentia,
588 3868 627 3903 res
649 3861 687 3904 est
707 3854 862 3915 conueniens,
882 3849 1028 3928 principiis
1052 3851 1117 3909 vitae
1138 3872 1219 3921 meae,
1239 3858 1325 3912 statui
1343 3878 1422 3935 paam

241 3961 307 3997 nanc
319 3935 426 4002 obtineo,
445 3954 527 4005 quam
548 3936 599 3995 Dii
618 3939 807 4015 imposuerunt
826 3942 892 3999 mihi
908 3941 1100 4001 necessitatem
1115 3964 1177 4021 quae
1190 3945 1224 4002 ad
1236 3945 1335 4002 multas
1350 3945 1423 4004 civi-

242 4045 311 4089 tates
324 4032 452 4110 pertinet,
473 4033 532 4099 vel,
545 4036 585 4090 ad
595 4038 748 4092 universam
763 4040 909 4102 civitatem,
932 4056 996 4095 nant
1010 4056 1045 4095 ex
1065 4036 1168 4096 aedibus
1181 4038 1305 4116 paternis
1322 4037 1423 4098 induxn

242 4138 323 4182 erunt
344 4123 391 4201 qui
409 4137 526 4202 regnant
539 4125 639 4183 sortem
653 4125 794 4194 servilem,
815 4127 923 4186 laudate
935 4144 964 4187 et
978 4128 1053 4205 justa
1066 4144 1094 4188 et
1113 4129 1214 4204 injusta
1226 4151 1321 4191 eorum
1333 4134 1382 4212 qui
1395 4133 1422 4192 vi

241 4228 354 4275 utuntur
376 4216 579 4301 comprimenti,
611 4218 649 4275 ita
676 4233 706 4276 ut
725 4218 909 4297 comprimam
933 4220 1065 4281 acerbum
1087 4220 1182 4283 odium
1207 4223 1319 4283 mentis.
1356 4225 1423 4283 Fleo

242 4323 334 4368 autern
353 4329 383 4367 su
396 4310 508 4378 bueste,
527 4313 606 4377 clam,
630 4310 774 4371 dominum
797 4315 1052 4392 Agamemnonem,
1076 4334 1148 4374 vana
1167 4314 1290 4384 fortuna,
1299 4318 1421 4394 frastra,

242 4403 341 4472 defixa,
355 4415 499 4472 concreta,
513 4419 593 4481 asyam
606 4403 629 4465 le
643 4428 713 4464 cesar
719 4407 787 4486 geli,
807 4404 925 4466 occultis
936 4405 1094 4484 gemitibus.
