2958 4938
446 232 842 303 CHOEPHORAE.

225 388 313 455 Vado
327 402 429 452 autem
438 388 475 451 ad
488 389 597 466 vimm,
618 389 725 453 harum
733 390 895 471 perniciem

225 489 362 565 AEdium,
385 487 437 574 qui
450 489 585 553 lubenter
599 489 655 552 hos
669 512 819 554 sermones
834 491 941 556 audiet.

225 589 396 671 Quomodo
412 589 502 676 igitur
511 590 598 674 jubet
612 612 682 653 eum
695 591 794 654 venire
809 594 1004 657 instructum?

225 690 406 771 Quomodo,
421 689 563 775 inquam?
585 691 633 754 dic
646 713 755 769 rursus,
776 708 811 771 ut
823 694 931 758 certius
944 695 1049 761 sciam.
1176 695 1217 780 76
1219 713 1238 781 ς

225 795 337 857 Utrum
352 815 424 855 cum
438 792 619 869 satellitibus,
641 807 693 856 aut
701 795 801 857 solum
808 793 826 856 l·

165 940 173 956 .
225 894 385 957 Addueere
397 894 484 978 jubet
497 893 626 957 hastatos
638 895 772 959 asseclas.

159 1041 166 1057 .
225 995 278 1059 Tu
292 1017 331 1058 ne
346 995 414 1059 haec
428 994 539 1058 indices
553 995 624 1058 huic
639 1018 657 1057 a
670 995 795 1058 domino
810 993 922 1060 inviso:

226 1097 283 1161 Sed
296 1097 394 1178 ipsum
408 1096 518 1175 venire,
534 1111 568 1161 ut
581 1099 692 1183 absque
707 1099 814 1163 timore
828 1100 937 1178 audiat,

226 1199 334 1280 Quam
348 1199 487 1263 citissime
496 1200 569 1284 jube
584 1201 655 1264 laeto
669 1202 782 1266 animo.
1126 1217 1129 1223 '
1180 1225 1241 1291 77⁰

224 1301 341 1365 Nuncii
355 1301 436 1365 enim
451 1299 553 1363 animo
568 1301 722 1365 occultum
736 1318 851 1366 rectum
866 1318 983 1368 statues.

163 1447 171 1464 .
227 1402 319 1466 Certe
333 1403 409 1465 bene
419 1401 494 1465 velle
507 1401 613 1465 videris
628 1402 720 1465 modo
736 1403 892 1467 nunciatis.

160 1551 167 1566 .
227 1503 285 1567 Sed
300 1503 324 1566 si
335 1504 450 1589 Jupiter
464 1503 624 1587 aliquando
640 1503 835 1566 mutationem
852 1505 999 1567 malorum
1016 1505 1133 1569 dederit.

158 1653 165 1670 .
229 1608 269 1670 Et
283 1628 347 1692 quo
362 1604 468 1688 pacto?
513 1607 644 1683 Orestes,
660 1627 724 1687 spes
739 1606 856 1682 domus,
881 1607 975 1688 periit.

162 1755 170 1772 .
227 1708 483 1773 Nondumz'haec
496 1706 586 1770 falsus
601 1722 681 1771 vates
694 1707 839 1770 resciscat.
1182 1729 1243 1796 775

167 1858 174 1874 .
229 1810 315 1891 Quid
329 1809 422 1873 dicis?
445 1810 592 1895 numquid
605 1808 683 1872 nosti
698 1808 769 1894 quid
783 1824 890 1891 praeter
897 1810 964 1893 jam
978 1807 1074 1874 dicta?

160 1959 168 1977 .
231 1915 291 1990 Ito,
306 1913 428 1989 nuncia,
449 1911 497 1975 fac
511 1912 564 1975 tibi
580 1911 732 1992 imperata.

230 2015 298 2078 Diis
311 2036 391 2079 curae
407 2030 476 2078 sunt
487 2035 522 2076 ea
537 2035 667 2098 quorum
682 2034 785 2075 curam
799 2012 972 2093 suscipiunt.

167 2163 176 2183 .
229 2118 332 2194 Vado,
348 2116 465 2201 tuisque
481 2114 640 2178 obaudiam
652 2115 757 2177 verbis.

227 2221 348 2284 Verum
360 2218 478 2282 eveniat
491 2215 655 2297 auspicato,
672 2214 810 2278 Deorum
824 2234 958 2278 munere.

377 2357 922 2477 nurmrnosflrcn

517 2595 788 2662 srsosnn

168 2813 175 2830 .
229 2767 324 2830 Nunc
340 2762 516 2844 supplicanti
531 2761 617 2837 mihi,
629 2760 744 2844 Jupiter

234 2869 319 2931 Pater
333 2867 473 2930 Deorum
487 2863 666 2938 coelestium,

232 2969 376 3035 Concede
390 2981 499 3030 sortem
514 2965 652 3040 faustam,
673 2978 706 3028 ut
720 2985 896 3048 consequar,
912 2965 1124 3031 convenienter

234 3070 381 3134 Modestis
395 3084 474 3132 recte
488 3068 714 3149 postulantibus,
730 3067 827 3129 videre
842 3085 869 3128 te

233 3171 458 3255 Dijudicantem
473 3192 536 3232 rem
550 3183 655 3233 totam.

234 3271 321 3349 Dixi,
335 3272 367 3338 O
380 3271 509 3356 Jupiter:
534 3287 565 3332 tu
579 3285 679 3333 autem
691 3291 773 3346 eum,
792 3269 927 3347 Oresten,
940 3290 1045 3334 serves.

234 3374 337 3440 Eheu!
361 3373 455 3438 eheu!
479 3391 547 3437 ante
561 3373 699 3436 inimicos
714 3393 785 3437 vero

234 3481 316 3542 Intra
329 3475 468 3541 interiora
481 3474 619 3539 cubicula
633 3494 728 3538 teum
743 3474 884 3537 colloces.

234 3579 393 3662 Quoniam
409 3576 433 3640 si
447 3599 517 3640 eum
531 3593 678 3663 magnum
691 3573 806 3649 feceris,

234 3680 397 3762 Duplicem
412 3694 442 3742 et
456 3677 601 3758 triplicem

235 3780 525 3847 Remunerationem
539 3781 599 3844 illis
613 3777 708 3871 libens
722 3776 871 3839 retribuet.

425 3995 880 4062 ANTISTROPHE.

215 4153 336 4220 sAmici
351 4151 405 4216 viri
419 4152 535 4232 pullum
550 4153 658 4214 orbum

231 4259 379 4343 Junctum
395 4254 495 4316 currui

25 4430 27 4435 ’
118 4423 200 4489 ⁴MS.
220 4426 376 4506 OJupiter
392 4445 463 4485 eum.
736 4427 745 4457 ⁵
767 4420 829 4483 ΜΒ,
852 4422 985 4500 Agnosce
999 4417 1089 4478 amici.
