2958 4938
485 262 901 333 CHOEPHORAE·
1246 257 1294 344 69'

195 415 200 428 '
277 416 363 483 Novi
377 430 478 482 autem
490 417 578 502 hujus
590 417 738 483 sermonis*
745 434 838 483 estote
852 415 1016 500 participes.

113 539 218 584 enos.
276 518 387 594 Dicas3
408 518 474 583 salit
488 535 588 583 autem
601 539 834 600 corpraemetu.
1228 513 1288 600 165

113 639 240 684 aruer.
281 619 452 684 Detonsum
465 620 552 683 video
566 619 740 684 cincinnum
754 642 840 701 super
851 620 949 684 busto.

114 739 220 784 citou.
280 717 378 802 Cujus
391 720 509 783 tandem
524 719 590 794 viti,
612 733 663 783 aut
677 719 734 783 alte
749 719 910 785 succinctas
923 717 1060 807 virginis?

114 837 241 882 einer.
280 816 352 882 Hoc
366 819 488 882 cuilibet
501 817 589 882 facile
600 833 644 883 est
656 818 814 902 conjicere.

114 940 221 985 cuore.
279 919 449 1000 Quomodo
463 941 523 1006 ego
537 919 636 984 senior
651 920 798 1003 ajuniore
811 917 941 984 discam?

114 1040 242 1088 aruer.
284 1021 361 1085 Non
375 1019 534 1106 quisquam
548 1035 592 1084 est
605 1034 710 1101 praeter
723 1041 772 1084 me
786 1019 838 1105 qui
852 1021 933 1084 hunc
946 1020 1088 1085 detondit.
1231 1035 1291 1103 170

116 1141 223 1186 errore.
286 1120 405 1184 Inimici
421 1120 518 1202 potius
530 1119 638 1204 quibus
652 1119 794 1183 convenit
807 1119 915 1200 capillo
930 1120 1041 1206 lugere.

115 1238 240 1284 saner.
282 1219 384 1282 Etiam
397 1218 447 1282 hic
460 1233 504 1282 est
517 1218 555 1282 ad
568 1233 722 1300 aspectum
734 1240 811 1299 pene
823 1219 977 1284 concolor.

115 1338 221 1383 citou.
282 1317 404 1398 Quibus
416 1315 546 1398 capillis?
567 1316 627 1381 hoc
642 1317 723 1381 enim
735 1317 810 1381 scite
823 1334 941 1399 expeto.

116 1439 243 1486 nuncu.
284 1417 357 1500 Ipsis
371 1419 476 1482 nostris
488 1418 572 1483 valde
586 1435 706 1500 aspectu
723 1420 825 1484 similis
838 1436 891 1485 est.

116 1540 222 1586 cnort.
281 1519 442 1605 Numquid
454 1518 544 1606 igitur
558 1519 672 1586 Orestis
686 1521 804 1584 occulte
816 1519 876 1582 hoc
891 1520 928 1583 sit
940 1516 1071 1582 donum?
1232 1534 1291 1603 175

116 1640 226 1686 uiuet.
285 1618 423 1683 Maxime
438 1620 527 1700 ipsius
542 1620 690 1685 cincinnis
704 1618 890 1683 assimilatur.

117 1739 218 1784 citou.
284 1718 328 1783 At
341 1718 496 1803 quomodo
511 1719 572 1800 ipse
586 1719 647 1784 huc
660 1719 760 1783 venire
771 1741 858 1782 ausus
871 1717 932 1781 est?

118 1837 236 1882 utucr.
279 1816 366 1887 Misit
378 1816 500 1897 capillos
508 1817 673 1900 juvenilem
687 1818 813 1904 gratiam
828 1817 914 1900 patri.

120 1939 216 1983 cnon.
280 1916 357 1979 Non
372 1915 471 1991 minus
485 1916 619 1981 deflenda
632 1919 699 1982 haec
713 1918 786 1982 mihi
801 1919 885 1995 dicis,

283 2015 313 2080 Si
326 2015 404 2079 hanc
417 2016 570 2103 regionem
585 2041 740 2104 nunquam
754 2018 882 2107 attigerit
894 2018 977 2104 pede.

118 2138 235 2185 susten.
276 2114 319 2181 Et
330 2139 400 2179 meo
414 2116 503 2185 astitit
516 2117 600 2182 cordi
612 2133 768 2200 tempestas

281 2217 390 2294 Fellea‚
412 2239 548 2298 percussa
560 2219 650 2284 etiam
662 2242 729 2285 sum
743 2220 825 2307 quasi
836 2221 938 2304 jaculo
952 2221 1129 2303 penetranti;

282 2318 332 2381 Ex
346 2317 440 2380 oculis
455 2339 525 2399 vero
538 2319 667 2383 sitientes
679 2321 850 2385 deciderunt
859 2322 936 2386 mihi
1015 2328 1019 2333 ’

283 2418 387 2482 Guttae
403 2416 566 2482 ineffabiles
580 2419 779 2485 inundationis
793 2423 946 2510 hyberna,

282 2520 468 2609 Cincinnum
477 2522 609 2586 intuenti
623 2524 715 2591 hunc.
760 2524 929 2607 Quomodo
943 2529 1024 2591 enim
1038 2528 1157 2593 credam
1235 2527 1272 2595 18
1273 2545 1294 2615 5

284 2622 408 2687 Civium
423 2645 595 2709 quenquam
609 2626 702 2688 alium
715 2627 803 2710 hujus
817 2627 974 2691 dominum
990 2628 1143 2692 caesarieil.

281 2727 397 2795 Verum
411 2746 509 2808 neque
524 2747 592 2808 quae
607 2724 753 2789 interfecit
765 2725 847 2791 hunc
863 2728 1000 2802 totondit,

282 2829 356 2893 Mea
368 2827 490 2912 quidem
503 2844 606 2905 mater,
628 2849 697 2913 quae
712 2829 847 2892 animum
862 2829 916 2893 diis
931 2829 1070 2907 invisum,

283 2928 395 2992 Liberis
410 2949 473 2998 non
489 2926 706 2990 nominandum
719 2928 856 3009 possidet.

281 3032 349 3116 Ego
364 3049 465 3093 autem
479 3030 634 3114 quomodo
647 3029 725 3093 clare
738 3029 946 3111 pronunchm,

281 3135 351 3206 Esse
365 3132 425 3195 hoc
439 3146 647 3200 ornamentum
661 3133 825 3196 charissimi
839 3134 913 3197 mihi

281 3235 459 3311 Mortalium
474 3232 606 3300 Orestis:
627 3254 679 3314 spe
692 3249 791 3296 autern
806 3235 874 3299 laeta
887 3234 1001 3299 reddor.

280 3333 368 3400 Heu!
414 3337 541 3400 Utinam
555 3332 676 3406 haberet
690 3357 797 3397 vocem
812 3334 922 3413 laetam,
945 3335 1034 3398 instar
1046 3333 1161 3421 ¹mincii,

279 3441 325 3504 Ut
340 3438 432 3503 animi
445 3438 534 3503 dubia
547 3437 673 3518 amplius
687 3457 751 3503 non
764 3437 922 3512 distraltar;

281 3542 336 3606 Sed
352 3542 412 3623 ipse
426 3564 457 3603 se
472 3541 623 3622 perspicue
634 3540 794 3622 explicaret
808 3541 1008 3621 cincinnulus,
1105 3563 1108 3568 ·
1236 3559 1293 3627 195

279 3646 392 3718 Utrum
406 3643 444 3705 ab
459 3641 558 3705 hostili
572 3642 667 3722 capite
682 3642 820 3704 detonsus
835 3640 933 3718 fuerit,

282 3749 335 3810 An
350 3744 589 3830 consanguineus
604 3766 676 3807 cum
689 3761 774 3823 esset,
789 3765 850 3807 una
864 3766 986 3808 meeum
1001 3744 1124 3832 lugeret,

280 3846 318 3912 In
331 3861 540 3911 onramentutn
555 3844 703 3927 sepulchri
717 3862 746 3908 et
758 3845 907 3909 honorem
919 3846 1017 3926 patris.

281 3951 337 4016 Sed
352 3949 614 4036 deos‚invocemus
628 3947 680 4033 qui
695 3963 806 4012 norunt

281 4053 377 4135 Quali
390 4052 422 4116 in
436 4067 617 4133 tempestate,
639 4066 798 4125 nautarum
812 4051 912 4129 instar,

278 4156 458 4243 Agitamur5
481 4154 505 4217 si
520 4177 590 4218 vero
605 4154 878 4239 oportetconsequi
890 4154 1026 4242 salutem,

281 4259 368 4331 Parvi
382 4258 502 4329 seminis
517 4255 569 4322 fiat
583 4279 694 4344 magna
706 4256 798 4322 radix.

281 4364 321 4427 Et
334 4362 456 4451 quidem
469 4361 602 4449 vestigia,
625 4361 788 4426 secundum
803 4358 959 4439 indicium,
