2992 4942
246 362 392 438 'NOTAE
414 369 554 459 VARR.
580 371 637 444 ET
658 368 861 442 BUTLERI
884 371 1171 443 PHILOLOGG.
1246 378 1307 446 186

103 518 358 612 infortuniorum
378 530 528 616 junctum
559 533 682 621 ejutqtae
708 534 830 614 currui,
862 531 947 616 (scil.
980 532 1218 613 calamitatum)
1243 531 1304 598 nli·

102 609 232 698 qnando
255 613 378 679 mnam
398 639 489 702 pone.
534 617 697 685 Scauro.

149 708 183 773 r·
199 707 274 772 795.
298 718 357 766 ru:
378 721 429 768 au
453 717 852 783 numerumnunerum,
876 735 902 771 ν.
917 735 944 771 ν.
960 720 988 771 ν.
1044 704 1199 771 Precatus
1234 716 1304 772 erat

104 781 238 851 Chorus
266 784 375 853 Oresti
407 790 492 856 viam
524 791 668 879 ingresso
699 791 741 857 ad
767 807 893 879 patrem
923 790 1162 857 ulsciscendum
1192 789 1304 857 adesse

103 883 143 937 ut
178 871 255 937 velit
292 873 443 962 Jupiter3
479 899 566 942 nunc
598 878 690 942 addit
718 878 883 943 neminem
912 877 1010 942 alium
1039 878 1072 943 in
1103 892 1171 942 tam
1201 877 1304 944 arduo

101 959 243 1044 negotio
266 981 362 1061 opem
390 963 420 1027 ei
446 977 600 1051 praestare
631 987 735 1052 posse.
789 963 906 1051 Itaque
939 964 986 1028 sic
1012 963 1084 1029 haec
1119 964 1303 1051 acciperem

102 1055 262 1130 tanquam
285 1060 440 1135 scriptum
467 1054 626 1131 esset,.sl;
650 1052 700 1132 ylo
724 1056 754 1115 ta
780 1053 856 1122 ἄλλος
882 1054 897 1117 i
922 1053 955 1115 σὺ
984 1053 1044 1122 Ζεὺς
1071 1052 1121 1117 tote
1146 1054 1303 1135 νονῖνρνθμόν

101 1131 237 1210 συζόμννον
265 1132 336 1197 nard
360 1140 389 1197 ri
410 1139 503 1219 ὅςνγμον
526 1143 571 1201 'stit
596 1139 724 1218 σννμοίτονν
743 1146 857 1217 ἶννομίνονν
877 1136 948 1201 κοντοὶ
963 1146 1026 1201 ὀὖν-ο
1041 1140 1070 1197 τὸ
1084 1137 1198 1199 identat.
1244 1136 1301 1201 Sic

99 1220 192 1301 ‘ivonis
207 1218 336 1299 σνζόμννον
351 1223 561 1308 respondebit
574 1233 610 1287 νῖν
622 1235 708 1306 pirgos
722 1227 856 1306 σςοννθνὶς,
870 1239 905 1287 et
919 1226 991 1286 nanda
1004 1226 1033 1286 sl
1044 1223 1138 1303 ἕςνγμον
1150 1221 1303 1307 respiciet

101 1303 146 1368 ad
163 1313 184 1367 ἰν
199 1306 287 1391 talos.
333 1302 481 1394 Hesycb.
496 1311 624 1393 Ὂςνγμα,
645 1316 730 1390 βῆμα.
763 1306 916 1395 Denique
932 1310 1036 1372 iduato
1050 1305 1159 1371 locum
1177 1307 1303 1372 tenebit

100 1398 137 1452 νῖν
157 1393 242 1474 dgna.
292 1392 430 1470 Ἀνοόμννο
451 1398 568 1476 νοήμονα
583 1395 684 1461 reddo
698 1394 783 1461 mala
799 1392 1000 1472 enuntianda,
1016 1390 1219 1479 perficienda,
1235 1415 1302 1458 non

87 1472 208 1559 finita·
253 1474 317 1542 Pel·
342 1475 431 1545 Deos
445 1491 490 1552 ‘rtis
506 1484 718 1562 ἴσυθννδννμοῖτννν
739 1487 899 1559 cottyaii
912 1486 995 1563 μννχόν
1009 1481 1148 1559 νομίζοντας
1163 1479 1303 1544 Penates

101 1558 261 1651 intellige,
293 1586 370 1631 cnm
399 1566 521 1655 Spanh.
551 1568 592 1633 ad
627 1567 755 1634 Callim.
786 1566 913 1655 Hymn.
945 1567 979 1631 in
1002 1564 1115 1630 Ceret.
1139 1576 1170 1642 tt.
1186 1572 1240 1630 88.
1266 1579 1302 1631 et

100 1643 226 1715 Julian.
251 1650 371 1739 Imper.
396 1676 429 1741 p.
446 1654 500 1737 68.
546 1655 741 1720 Aurenses.

102 1804 109 1817 ,
145 1747 177 1813 ν.
193 1744 268 1803 804.
301 1754 396 1804 ross
430 1755 554 1806 nuans
589 1755 801 1807 xrsusuou.
860 1739 921 1806 stt·
957 1750 1120 1818 neutrum,
1158 1733 1301 1827 positum

99 1833 210 1904 μννκῦς,
226 1836 262 1890 nt
273 1846 376 1913 saepe:
399 1841 431 1890 et
446 1831 592 1907 φονευθέντος
607 1824 853 1916 intelliguntur:
877 1827 1077 1915 Interpretes
1092 1826 1299 1892 balbutiente

99 1907 144 1972 ad
177 1912 296 1990 ντᾶμνον
329 1911 498 1978 Graeculus
532 1915 683 1979 subaudit
721 1920 817 1995 οἶμαι
861 1913 1089 2001 Quisquamne
1130 1908 1302 2000 ineptius?

97 2003 180 2068 ννοὸς
202 1993 336 2078 honeste,
347 1999 437 2086 jare,
458 1996 601 2087 legitime.
638 2000 763 2065 Pauw.
805 2000 862 2080 At,
886 2022 968 2087 pace
992 2001 1052 2065 viri
1078 1998 1168 2062 docti
1192 1997 1301 2062 dicere

97 2077 210 2162 liceat,
230 2083 400 2171 AEgisthus
424 2087 569 2151 nondum
593 2087 852 2168 consufuerat,
874 2087 1023 2172 adeoque
1039 2106 1099 2149 neo
1115 2083 1243 2149 Chorus
1259 2083 1302 2147 de

97 2169 214 2234 occiso
235 2169 325 2251 loqui
344 2183 480 2257 poterat.
505 2172 659 2240 Hesus.
703 2173 823 2255 Immo,
838 2174 880 2239 de
894 2174 988 2238 ονονὲνο
1003 2193 1070 2236 non
1084 2169 1227 2256 loquitur
1242 2167 1301 2233 sed

98 2252 142 2319 de
165 2278 244 2322 mox
269 2258 463 2339 occidendo,
486 2272 520 2324 et
545 2259 748 2343 vertendum,
771 2283 813 2326 ex
837 2261 909 2361 ipsa
929 2280 1063 2325 casuum
1079 2257 1302 2339 absolutorum

97 2340 221 2423 indole,
245 2363 406 2425 putueo
424 2342 557 2426 iridens,
579 2346 631 2413 uel
647 2348 774 2426 merito,
798 2345 1028 2434 aeetnfuerint.
1053 2343 1087 2409 S.
1104 2344 1267 2408 Burnus.

143 2440 175 2506 y.
191 2437 266 2497 805.
291 2448 317 2496 tt
340 2446 441 2497 Mera
462 2447 582 2498 uAtnN
605 2449 779 2499 ΣΤοΜῐοΝ.
842 2431 1028 2520 Apollinem
1053 2429 1211 2515 intelligo,
1235 2447 1303 2492 non

99 2508 236 2598 Ditem3
257 2538 362 2605 neque
387 2518 476 2583 euim
501 2517 556 2585 hic
575 2520 616 2584 de
637 2521 886 2607 Agamemnone
909 2519 951 2583 ab
971 2514 1082 2581 inferis
1104 2514 1301 2581 remittendo

97 2623 120 2664 a
145 2602 219 2683 itur,
257 2604 314 2669 sed
345 2603 386 2669 de
417 2603 534 2672 Oreste
559 2603 721 2693 Apollinis
745 2604 839 2691 jussu
864 2604 952 2669 aedes
968 2602 1098 2702 'patrias
1127 2602 1302 2666 revisente.

99 2625 200 2753 (fitne
223 2689 264 2755 de
284 2690 313 2755 A
340 2713 534 2756 amemnone
555 2707 696 2769 mortuo,
721 2691 813 2777 cujus
829 2704 944 2779 praeter
959 2709 1084 2754 erueres
1099 2699 1134 2752 et
1148 2686 1297 2752 umbram

100 2785 233 2842 tenuem
255 2713 339 2841 nihil
358 2793 427 2844 erat
451 2777 622 2864 reliquum,
646 2778 713 2844 dici
745 2801 812 2843 non
841 2789 968 2864 poterat
993 2795 1069 2839 eum
1094 2777 1237 2854 titulatae,
1267 2778 1302 2837 et

98 2874 233 2948 λοιμννςῶς,
254 2876 288 2928 et
309 2871 399 2946 φνλίονς
429 2868 541 2944 ἔμμονον,
572 2868 629 2929 idria
657 2868 734 2944 linat
761 2866 876 2945 δνοφνςοὶς
904 2866 1064 2945 καλύπτρας.
1123 2858 1170 2923 At
1199 2856 1300 2945 vulgo

98 2949 304 3015 notissimum
334 2963 397 3033 ⁴est,
431 2951 616 3039 Apollinem
644 2951 832 3038 speluncam
861 2945 999 3035 Delphis
1027 2944 1181 3009 insedisse
1212 2943 1300 3030 apud

100 3036 238 3102 Graecos
261 3036 433 3116 creditum,
467 3038 608 3124 inde'que
636 3036 767 3102 oracula
787 3035 840 3101 illa
864 3034 962 3121 longe
982 3033 1112 3116 lateque
1136 3030 1299 3097 celebrata

99 3122 249 3189 edidisse.
292 3121 348 3189 lta
362 3123 446 3189 infra
461 3124 582 3190 Noster
598 3125 638 3191 de
653 3124 769 3191 eodem
785 3120 938 3211 Apolline
952 3131 984 3197 ν.
995 3127 1072 3193 954.

314 3250 405 3319 Μέγαν
428 3246 490 3325 ixei
510 3246 595 3326 μυχὸν
614 3245 713 3327 χθονός.

98 3354 190 3428 Quin
213 3367 248 3422 et
268 3356 391 3423 Strabo
410 3357 537 3423 disertis
561 3359 667 3424 verbis
682 3362 760 3439 rapte
775 3355 976 3423 mentionem
990 3342 1073 3420 faiis
1088 3347 1155 3419 IX.
1198 3349 1299 3416 .641.

95 3443 270 3528 ’Υπεςνινῖσθονν
292 3447 317 3506 di
335 3451 371 3527 ,τέ
393 3452 469 3524 sapie
492 3447 599 3529 spinalti
624 3452 729 3524 ὑψηλόν.
775 3443 818 3509 Et
844 3443 911 3509 Dio
936 3442 1066 3508 Cassius
1080 3374 1213 3504 Ldel·
1234 3444 1298 3544 Ἠ.

92 3533 143 3591 not
168 3535 198 3593 sd
219 3542 333 3610 μνννννῒον
354 3541 500 3610 nostiusa,
525 3534 650 3615 ν’ννθςῶπες
668 3541 692 3602 ἔς
715 3536 744 3596 'td
767 3537 862 3612 rietus,
883 3534 911 3605 ἒξ
936 3533 953 3591 ti
975 3533 1005 3594 sd
1028 3531 1085 3608 inglu
1107 3535 1208 3603 ονννῦμον
1222 3524 1300 3609 νννῇνν,

92 3618 216 3695 opitu.
272 3617 369 3683 Adde
403 3618 491 3703 qnod
521 3616 576 3681 illa
613 3640 686 3703 quae
713 3631 892 3703 sequuntur
925 3613 1010 3680 infra
1046 3617 1077 3681 ti.
1094 3608 1299 3678 ers-816.

93 3701 285 3789 'Apollinem
317 3703 495 3769 certissime
524 3724 574 3768 res
599 3701 715 3782 icinnt,
747 3725 856 3790 neque
891 3714 948 3766 aut
983 3700 1024 3765 de
1063 3697 1213 3773 Plutone,
1243 3707 1302 3793 aut

98 3789 141 3852 de
157 3789 338 3871 Memoria,
360 3812 493 3877 quoquo
509 3724 608 3861 modb
624 3790 763 3879 intelligi
781 3801 926 3878 possunt.
951 3786 1105 3884 Herpa.
1152 3780 1299 3847 Heathto

97 3884 228 3963 prorsus
254 3877 421 3953 assentior,
443 3877 505 3941 nisi
527 3876 749 3963 quod‘itapqtn
771 3879 921 3958 οονῦνννμν
941 3874 980 3938 de
1001 3871 1114 3938 antu
1129 3869 1299 3956 Agamem-

96 3963 188 4027 nonis
202 3961 354 4050 iaensqne
369 3962 548 4028 calamitate
561 3962 748 4030 obnubilatis
762 3962 920 4051 intelligo.
954 3958 1008 4024 Cf.
1022 3969 1054 4035 ν.
1064 3965 1120 4031 49.
1136 3970 1170 4021 et
1186 3973 1278 4039 seqq.

312 4066 422 4134 Ἀνῆλνον
445 4072 602 4151 βροτοςυγνῒς
1058 4092 1062 4101 ’

314 4157 404 4233 Δνόφον
425 4157 575 4229 netimeas
599 4155 675 4234 ἒόμννς

313 4250 449 4303 Asinaria
470 4244 610 4305 taediatos.

97 4353 204 4445 Optat
228 4355 329 4444 igitur
353 4353 492 4435 Chorus,
515 4368 552 4420 ut
578 4352 710 4420 Orestes
735 4348 856 4440 patrias
880 4348 967 4418 aedes
988 4345 1144 4445 hactenus
1166 4340 1299 4444 calami-

88 4458 203 4515 ‚tatum
236 4442 378 4507 tenebris
407 4463 588 4529 oppressas,
621 4441 723 4506 libera
752 4453 787 4504 et
819 4437 912 4504 hilari
942 4452 1063 4514 mente,
1098 4446 1192 4497 victis
1229 4427 1298 4529 scil.

95 4530 258 4607 hostibus,
290 4529 461 4615 adspiciat.
507 4527 668 4592 Scauro.
736 4525 843 4591 Recte
880 4524 921 4591 de
949 4520 1104 4610 spelunca
1135 4514 1297 4604 Delphica

99 4617 329 4711 interpretatus
351 4615 481 4682 videtur.
502 4614 544 4683 cl.
562 4612 689 4766 Heath
732 4611 796 4678 Per
812 4611 924 4698 δνοφιμς
937 4606 1086 4694 meeis
1097 4616 1208 4683 autem
1222 4622 1298 4672 cunt

704 4716 727 4762 n
743 4719 765 4765 s
