2958 4938
480 292 900 365 CHOEPH'O'RAE.»

521 542 851 635 aurorae}

265 699 425 782 Quoniam
436 714 537 764 autem
551 698 695 764 recordati
707 720 810 765 eumue
824 700 961 788 gravium

265 805 428 882 Labomm,
452 804 667 869 reminiscamur
676 804 874 887 inopportune
888 826 970 885 vero,
984 801 1118 871 infelices

264 908 406 990 Nuptias,
422 908 534 973 aedibus
547 909 772 989 abominandas,

263 1006 289 1069 F
288 1007 477 1094 oemineaque
489 1007 582 1075 animi
595 1008 720 1075 consilia

265 1107 382 1172 Contra
395 1108 535 1177 maritum
548 1108 734 1187 bellicorum,
1218 1105 1280 1193 625

265 1210 383 1276 Contra
396 1213 536 1276 maritum
549 1213 640 1277 etiam
653 1211 788 1280 hostibus
799 1208 1021 1279 formidandum
1030 1225 1061 1279 et
1073 1210 1249 1281 verendum:

265 1313 375 1401 Ignem
389 1315 501 1380 aedium
515 1337 579 1381 non
591 1315 800 1395 calescentem,

265 1415 464 1495 Foemineam,
482 1416 607 1482 minime
624 1416 780 1496 audacem,
801 1417 928 1484 hastam.

451 1621 922 1711 Aurmrnornra

265 1771 425 1841 Malorum
439 1778 571 1842 maxime
583 1776 680 1842 verbis
693 1776 859 1841 celebratur
868 1774 1045 1842 lemniuut:

267 1878 385 1942 Verum
398 1877 544 1943 nimirum
555 1880 674 1967 lugetur
687 1878 934 1945 abominandum.

268 1976 436 2064 comparet
445 1994 547 2044 autem
561 1980 628 2067 quir

267 2080 370 2145 Grave
383 2081 497 2147 malum
511 2084 597 2150 malis
610 2082 753 2150 Ieiuniis.
801 2086 808 2093 '

267 2182 384 2249 Dolore
397 2184 479 2249 enim
493 2187 565 2251 Deo
578 2188 684 2252 odioro

267 2284 445 2350 Mortalium
460 2309 555 2374 genua
568 2288 751 2353 inhonorum
764 2287 859 2370 periit.

266 2383 351 2448 Colit
364 2386 444 2450 enirn
457 2409 548 2452 nemo
562 2389 645 2474 quod
659 2387 727 2453 Diis
742 2385 871 2453 invisum
885 2403 938 2454 est.

268 2488 354 2570 Quid
366 2487 477 2556 horum
487 2515 551 2558 non
564 2508 644 2559 recte
656 2489 789 2579 colligo?

525 2702 854 2786 sTnurnu4

269 2856 367 2938 Prope
381 2877 452 2922 vero
467 2879 518 2939 per
530 2857 687 2939 pulmones
702 2856 818 2944 gladius

268 2960 387 3024 Acutus
396 2959 524 3044 Justiriae
540 2982 579 3023 ex
593 2961 716 3025 adverso

267 3055 404 3123 Transit.

270 3164 366 3245 Quod
379 3164 461 3229 enim
470 3165 586 3250 justum
600 3181 733 3246 nonest,
752 3188 815 3233 non

271 3267 349 3331 Pede
364 3283 439 3332 terra
453 3269 575 3334 calcata.

272 3371 407 3434 Omnem
419 3370 505 3456 Jovis

271 3470 461 3553 Majestatem
475 3471 645 3558 transgressi
658 3486 728 3537 sunt
739 3470 853 3545 illicite.

455 3711 933 3799 ANTanornnu

271 3866 400 3951 Justitiae
416 3868 500 3932 radix
513 3867 658 3933 firmatur.

272 3969 394 4031 Ferrum
410 3967 508 4031 tundit
523 3971 629 4037 Fatum
644 3967 758 4056 gladios
772 3966 935 4034 fabricans:

271 4067 366 4132 Infert
379 4068 492 4133 aedibus

271 4170 381 4234 Filium

271 4275 459 4360 Sanguiuum
472 4274 685 4362 antiquiorum.
711 4278 713 4283 ⁴

271 4377 470 4442 Punitscelus
809 4368 813 4377 ⁴

269 4480 410 4547 Tandem
424 4482 537 4570 inclyta
550 4481 706 4563 profundae
719 4481 826 4546 mentis
841 4479 981 4567 Erinnys.

671 4587 700 4631 M
718 4587 737 4633 2
