2924 4936
227 313 497 393 CUMNOTIS
520 318 663 388 VARR.
687 316 745 387 ET
765 316 967 389 BUTLERI
991 317 1141 388 CRI‘IT.
1241 325 1281 385 11
1308 406 1311 411 .

91 474 152 568 Ἷ1.
166 467 222 536 60.
246 489 328 540 'corz
353 490 445 542 matr.
503 478 556 551 τὰς
583 479 628 558 pb
656 472 756 541 Turn.
789 473 887 541 Grot.
916 475 950 541 in
983 474 1137 564 Excerpt.
1168 474 1279 541 Pauw.

84 548 213 622 schum
239 559 356 627 Herm.

118 642 148 705 l·
162 642 218 709 61.
246 663 293 711 ΤΑ
315 657 365 712 Δ’.
409 659 469 719 Toie
482 651 511 713 Υ
527 645 662 715 schulz·
707 647 795 719 ΜΟΧ
810 651 870 728 prr¹
886 653 987 729 aixpirt
1002 646 1078 713 Aid.

117 735 147 801 t·
164 728 219 795 62.
252 745 469 801 xeonrzonr’
499 749 576 801 axn
609 747 719 800 aaran
791 735 920 818 aptarer
951 736 1007 815 ἄχη
1042 738 1121 818 ega..-
1154 732 1274 801 Jacob.

69 807 150 893 Ἀχιι
174 815 209 880 in
236 818 331 885 Med.
351 844 374 886 a
400 822 506 910 prima
529 842 639 896 mann,
663 820 753 906 quod
776 835 891 908 postea
907 817 1125 887 'reformatum
1148 821 1183 886 in
1207 825 1275 904 ἄχη.

75 899 181 979 ligulf„
209 910 291 986 τεύχη
317 913 385 988 flplu
413 908 489 973 Alci.
539 907 646 990 Χςονῗζον
672 914 697 970 τ’
716 912 780 994 uix}
810 908 878 990 Epiro
903 904 1004 971 Turn.
1053 908 1188 990 Xgorilorr'
1210 908 1276 989 rixo

77 984 233 1072 scriptum
256 990 320 1057 fuit
342 993 375 1057 in
392 990 477 1060 cod.
495 993 582 1060 Rob.
626 993 759 1075 κςοιίζωέ
772 995 829 1074 ἄκη
842 995 922 1076 egv'm
938 992 1048 1057 Pauw.
1065 991 1121 1078 qui
1136 1002 1199 1071 ptm
1215 1014 1276 1080 pro

75 1072 172 1136 verbo
198 1074 333 1156 habens,
361 1078 407 1143 sic
432 1081 672 1167 interpretatur,
697 1077 849 1150 Quadam
868 1100 942 1144 aero
965 1078 999 1143 iu
1013 1077 1177 1143 interstitio
1193 1088 1278 1147 teno-

75 1152 204 1224 brarum
226 1172 258 1227 at
272 1162 344 1230 luris
358 1177 495 1244 manerat,
517 1176 554 1231 ut
568 1163 687 1229 dolores
698 1164 879 1252 prolixiores
889 1163 1074 1252 germinent.
1113 1163 1276 1231 Heatbius

75 1239 162 1310 bunc
197 1269 325 1317 versum
351 1252 530 1338 antiquitus
559 1251 716 1338 scripturn
748 1251 920 1316 arbitratur
942 1249 1005 1329 uel,
1035 1258 1109 1315 Miro
1129 1253 1276 1334 martioni

74 1330 99 1403 γ’
115 1333 184 1413 ἄχη,
212 1334 274 1414 vel,
299 1340 368 1417 egla
392 1340 537 1422 χςονίζοηά
556 1347 585 1415 γ’
604 1341 671 1419 ἄχη,
695 1350 732 1402 ut
761 1337 823 1402 hoe
851 1337 900 1403 rel
923 1336 1002 1402 illud
1025 1357 1045 1399 e
1070 1357 1139 1409 mar
1166 1337 1217 1400 'ne
1242 1338 1277 1402 in

72 1427 201 1489 textum
229 1420 402 1510 irrepserit.
447 1425 481 1489 Si
502 1434 566 1502 ptus
591 1422 621 1488 le
645 1437 728 1500 atur,
753 1423 866 1488 ieviter
892 1423 1083 1488 distinctum
1107 1439 1174 1486 vot
1201 1437 1277 1510 post

75 1503 117 1575 vir
134 1509 193 1582 pb,
217 1521 252 1570 et
274 1507 383 1573 locum
407 1509 455 1576 sic
482 1510 590 1589 vertit,
614 1445 753 1574 lurtitia
778 1530 851 1575 aero
875 1507 1043 1574 retributio
1067 1507 1100 1572 iu
1127 1507 1276 1596 quosdam

76 1589 226 1677 extemplo
252 1603 282 1658 et
306 1595 413 1678 polam
435 1594 679 1665 animaduertit,-
699 1594 839 1681 quadam
859 1594 971 1659 delicto
999 1594 1174 1681 crepusculo
1201 1618 1279 1681 quo-

73 1671 239 1741 dammodo
276 1679 465 1746 obumbrata
500 1680 677 1745 scaturiunt
708 1680 899 1746 calamitates
927 1678 1089 1757 tardiores,
1126 1682 1276 1766 quosdom

73 1757 193 1826 &mum
221 1785 284 1828 noa
305 1765 399 1832 irrita
427 1778 455 1831 et
481 1766 621 1852 inefficax
644 1765 846 1853 circumtegit.
891 1764 949 1829 Sin
973 1767 1042 1846 egla
1064 1764 1163 1852 legas,
1210 1767 1275 1835 uod

74 1844 130 2000 13ῐί
148 1849 258 1936 magis
274 1850 390 1938 placet,
414 1876 473 1940 pro
490 1851 692 1918 nominativo
709 1852 893 1929 habendum
909 1856 939 1915 rb
953 1851 1000 1931 rb,
1023 1861 1056 1915 et
1071 1789 1275 1932 vertenbum,

125 1934 227 1999 adam
250 1958 323 2001 uero
350 1937 463 2004 delicto
487 1936 664 2023 crepusculo
679 1936 903 2023 quodammodo
919 1937 1084 2002 obscurata
1098 1940 1276 2006 scaturiunt

69 2016 266 2085 calamitates
288 2025 448 2090 tardiores.
494 2024 660 2089 Pauwium
687 2024 781 2109 hujus
805 2022 869 2088 loci
895 2044 1022 2107 sensum
1051 2043 1092 2087 ne
1112 2046 1175 2173 per
1205 2047 1276 2090 om·

72 2104 162 2170 bram
190 2106 323 2191 quidem
343 2111 466 2177 vidisse
492 2110 677 2177 arbitratur.
722 2120 793 2173 Miro
818 2111 957 2194 χςωίζυσα
978 2111 1045 2194 egla
1067 2107 1109 2173 Sc
1137 2124 1201 2178 utz.
1217 2115 1295 2198 qui,

71 2192 183 2269 vertit,
208 2191 297 2258 Ictus
311 2195 449 2282 justitia
473 2196 601 2262 oiudicis
624 2193 695 2258 aliis
718 2193 838 2280 quidem
864 2194 1005 2259 celeriter
1031 2203 1061 2258 et
1085 2195 1174 2282 qrcoti
1192 2197 1274 2265 circa

71 2278 234 2342 meridiem
269 2279 454 2358 intentatur,
493 2282 567 2347 aliis
594 2290 699 2345 cratem
728 2279 899 2367 crepusculi
928 2290 1075 2366 tempore,
1111 2282 1274 2354 retardato

93 2362 198 2429 uidem
214 2366 255 2430 im
280 2376 342 2448 etu,
365 2379 400 2432 at
414 2366 447 2433 oi
462 2379 491 2432 et
508 2368 617 2433 robore
631 2374 742 2431 auctus
756 2367 916 2432 incumbit.
962 2376 1035 2431 Miro
1049 2369 1192 2451 movilem
1206 2375 1276 2458 Egla

72 2385 199 2515 ilerm.
246 2388 448 2538 Kegendum,
464 2476 517 2522 me
526 2453 652 2539 judice,
676 2462 759 2531 Mla»,
782 2459 868 2537 xpina
883 2454 912 2514 δ’
924 2455 979 2535 ἄχη
993 2454 1072 2535 egio.

94 2547 143 2642 j.
154 2537 210 2602 68.
232 2545 437 2627 erecturos.
459 2543 606 2625 Ἀκςαπας
626 2538 700 2606 Ald.
719 2537 742 2618 f,
764 2543 873 2621 ἄκρατος
888 2538 1021 2604 Schutz.
1038 2550 1076 2602 ut
1090 2554 1277 2627 opponatur

73 2650 108 2707 ry
127 2630 282 2707 μεταιχμίῳ
303 2633 396 2690 extra.
845 2692 850 2699 p

113 2718 145 2783 γ.
160 2709 218 2774 64.
241 2726 377 2775 ΣΤΡΟΦΗ
397 2712 432 2789 γ’.
478 2710 576 2795 Hanc
601 2709 776 2797 Stropham
801 2729 870 2773 esse
894 2719 1022 2795 patant,
1044 2708 1162 2797 quibus
1178 2709 1290 2785 Antio

72 2794 210 2881 stropha
232 2812 437 2883 apponatur:
472 2799 550 2863 Non
574 2810 726 2884 poterant
753 2793 935 2860 infelicius:
972 2817 1046 2860 nam
1074 2810 1110 2860 ut
1136 2799 1275 2886 quisque

73 2880 176 2960 videt,
192 2882 332 2969 gemella
348 2906 414 2961 non
431 2900 504 2957 snut
520 2883 668 2972 gemella,
689 2881 745 2947 sed
761 2880 984 2946 dissimillima.
1019 2879 1138 2947 Dicam
1156 2887 1277 2971 verbo;

72 2987 139 3031 non
166 2983 218 3031 est
247 2969 462 3035 dubitandam
494 2973 572 3057 quin
604 2971 658 3037 bio
684 2967 861 3035 babeamus
894 2966 944 3033 rel
976 2981 1274 3054 ΜοΝοΣτΡοΦικΑ,

73 3052 125 3135 rel
173 3069 347 3135 Ennraou,
394 3079 466 3142 quae
507 3056 631 3121 duabus
669 3054 818 3140 Strophio
856 3065 890 3116 et
929 3051 1150 3143 Antistropbis
1192 3080 1277 3145 prae-

72 3139 267 3213 cedentibus
291 3140 355 3206 fnit
378 3144 546 3229 apposita,
569 3144 617 3207 sic
641 3140 816 3205 difficultas
844 3155 892 3203 est
917 3138 1015 3220 nulla,
1037 3153 1072 3206 et
1097 3141 1192 3207 facile
1215 3167 1274 3210 ex·

71 3225 186 3310 pedire
207 3248 383 3331 possumus
409 3251 482 3316 quae
506 3229 706 3314 ¹caeteroquin
730 3225 886 3313 expedire
912 3238 1019 3312 potest
1033 3247 1152 3294 nemo:
1177 3230 1276 3297 Vide·

73 3333 177 3390 amus,
200 3314 402 3399 btepbanum
419 3317 532 3394 secuti,
557 3337 633 3381 curn
650 3336 715 3400 qno
731 3312 785 3377 hic
801 3312 990 3397 conspirant
1005 3312 1071 3378 fere
1086 3313 1163 3382 Alc.
1186 3316 1276 3385 Rob.

73 3411 106 3461 et
132 3397 236 3463 Turn.
287 3409 315 3464 1.
341 3399 470 3466 Period.
497 3423 516 3465 a
536 3401 663 3465 duobus
681 3398 804 3464 lambis
821 3397 981 3484 incipiens
998 3413 1030 3465 et
1048 3400 1082 3464 in
1096 3398 1274 3470 Trochaeos

74 3482 235 3563 desinens.
270 3494 302 3551 2.
319 3485 425 3553 lamb.
444 3488 530 3552 trim.
547 3500 630 3552 acar.
668 3493 699 3551 8.
715 3485 822 3551 laurb.
839 3484 924 3549 trim.
939 3499 1023 3549 acet.
1039 3507 1114 3550 eum
1130 3509 1144 3548 s
1169 3490 1277 3557 ondeo

73 3568 104 3632 in
118 3570 266 3635 secundo
279 3569 363 3652 loco,
374 3572 423 3638 rel
433 3573 613 3661 Autispast.
624 3572 710 3637 trien.
720 3583 804 3635 acat.
815 3591 890 3634 curn
901 3569 1091 3657 Antispasto
1101 3572 1133 3635 in
1144 3510 1277 3663 ibngarn

71 3655 254 3721 desinente.
272 3657 306 3722 Si
321 3660 434 3724 vocula
445 3673 716 3747 transponeretur,
729 3671 764 3720 ut
775 3656 932 3722 esset“Arr
943 3656 1056 3732 bearis.
1067 3656 1173 3722 lamb.
1188 3662 1275 3730 crim.

28 3806 30 3811 ,
72 3756 156 3815 acat.
179 3742 287 3807 exiret
309 3746 413 3810 bonus
434 3746 666 3833 etllegitimus,
690 3743 746 3807 sed
769 3740 851 3805 nibil
865 3756 970 3807 muto.
1015 3751 1047 3807 4·
1074 3742 1177 3808 lamb.
1196 3747 1276 3815 dim.

74 3841 161 3893 acat.
207 3839 239 3893 ὁ.
264 3828 356 3895 Idem
382 3853 489 3897 versus
504 3831 668 3917 praecessit
684 3830 718 3893 in
734 3828 798 3892 fine
814 3826 1026 3915 praecedentis
1043 3828 1276 3919 Antistropbae,

72 3930 163 3980 recte
187 3915 246 3993 ibi,
269 3917 325 3981 sed
352 3918 436 3983 male
463 3917 625 3997 hic,'vide
652 3939 711 3982 suo
734 3915 819 3978 loco.
871 3915 904 3979 6.
937 3914 1043 3980 lamb.
1077 3916 1164 3982 trim.
1187 3919 1275 3987 'acat

72 4007 101 4070 7.
130 4000 238 4066 lamb.
272 4001 351 4068 dim.
383 4003 506 4089 [trinu]
535 4017 618 4068 acat.
674 4009 705 4081 8,
728 4010 760 4076 9.
795 3998 879 4063 Vide
909 4022 967 4064 suo
998 3999 1081 4065 ioco.
1143 4012 1191 4068 10.
1222 4008 1275 4072 An

73 4086 207 4152 Period.
235 4090 335 4167 bran,
357 4111 398 4152 ex
423 4113 534 4176 syzyg.
561 4089 665 4155 Ianrb.
687 4088 838 4168 ίπτασῆμῳ,
861 4107 971 4172 syzyg.
986 4083 1106 4150 Troch.
1124 4095 1276 4177 trraalpp,

71 4187 104 4236 et
134 4172 280 4238 lambo?
318 4174 455 4255 Dubito,
486 4193 520 4240 et
551 4176 662 4240 malim
689 4173 868 4258 Antispast.
901 4173 986 4237 rrirn.
1012 4173 1168 4260 brachya.
1200 4201 1276 4245 cnm

72 4280 150 4345 syzy
176 4260 209 4322 ia
232 4259 339 4325 lamb.
362 4262 396 4325 in
419 4262 592 4350 principio.
612 4261 714 4324 ·Vide
731 4281 789 4322 suo
806 4256 890 4322 loco.
937 4255 996 4322 11.“
1012 4257 1095 4322 Vide
1113 4283 1172 4325 suo
1188 4263 1274 4334 loco.

77 4353 125 4411 12.
142 4281 410 4435 bucomiologus
436 4371 478 4412 ex
505 4347 636 4435 Dactyl.
655 4345 766 4435 pentir.
790 4357 823 4407 et
862 4344 951 4409 enth.
969 4344 1073 4410 lamb.
1121 4356 1171 4428 13.
1194 4349 1280 4439 Asy.

73 4445 192 4497 nartet.
226 4453 269 4496 ex
296 4455 441 4499 mononr.
470 4435 574 4500 lamb.
603 4449 635 4497 et
663 4450 809 4497 monam.
846 4427 866 4492 Γ
869 4431 958 4495 roch.
1017 4437 1068 4496 14.
1092 4431 1197 4501 lamb.
1229 4438 1279 4503 vel

73 4516 255 4612 antispast.
295 4520 374 4586 dim.
411 4519 564 4608 brachya.
591 4541 667 4599 cum
686 4512 846 4606 'spondeo
877 4518 910 4582 in
937 4517 1082 4599 secrrndo
1111 4517 1197 4601 loco,
1228 4523 1278 4591 rel
