2960 4938
219 299 264 361 ar
452 287 503 354 ru
528 281 849 357 cnoarnoans
872 266 1011 354 unua.
1038 284 1194 354 uecrr.

219 449 303 528 ίχθςοέ
323 447 374 528 γὲς
399 449 435 515 οἷς
464 458 498 509 et
523 449 617 527 ῖχθροῒς
647 446 698 531 γὰρ
728 453 756 520 ἑ,
790 446 877 509 unde
901 457 978 510 nata
1003 442 1154 509 confusio
1180 464 1255 507 cum
1285 449 1418 522 utraque

218 545 374 595 annotata
411 544 506 593 esset.
565 531 654 603 Quin
685 547 717 597 et
749 531 836 597 huuc
868 555 943 596 cum
971 531 1174 617 praecedeute
1205 544 1239 592 et
1270 525 1418 614 proxime

219 632 374 704 sequente
397 616 560 681 versiculis
594 618 732 683 Electrae
759 618 940 694 continuat,
979 617 1025 681 sic
1052 618 1138 679 enim
1166 616 1213 679 ait
1238 614 1291 678 ille
1319 611 1419 697 “ipsa

219 703 348 769 Electra
371 725 434 765 non
460 726 479 766 a
509 704 578 768 solo
605 705 795 790 capillorum
823 698 932 769 colore
963 703 1018 767 sed
1048 704 1146 766 etiam
1172 725 1192 766 a
1221 724 1263 765 co
1290 698 1418 762 natione

218 801 445 876 argumentum
464 790 578 854 ducit:
603 796 685 873 ίχθςοῖ
703 791 825 876 quippe
848 790 902 855 bic
920 805 993 853 sunt
1011 788 1223 875 probabiliter
1285 784 1418 872 gistbus,

219 876 468 961 Clytaemnestra
498 892 611 952 mater,
644 893 678 940 et
708 876 954 961 Chrysothemis
984 897 1095 954 soror;
1129 899 1148 938 a
1186 874 1306 959 quibus
1346 890 1418 933 cum

215 983 332 1025 munus
369 961 432 1025 boe
464 983 527 1024 non
555 977 705 1049 potuerat
735 985 804 1027 esse
830 962 1030 1049 proiectum,
1060 961 1101 1025 de
1128 961 1234 1048 seipsa
1260 959 1417 1022 hacteuus

218 1048 348 1134 cogitat*
376 1046 531 1112 Electra.''
575 1049 658 1114 Haec
689 1049 752 1128 ille,
788 1072 858 1134 quae
889 1049 944 1112 vix
975 1047 1171 1112 refutatione
1205 1047 1307 1132 (ligna
1337 1055 1419 1119 sunt,

218 1134 374 1198 reclamat
404 1136 490 1197 enim
529 1139 683 1216 ςιχομυθίας
722 1137 793 1220 ipsa
826 1136 934 1211 series,
972 1149 1006 1198 et
1034 1135 1105 1220 ipsa
1140 1132 1347 1198 concinnitas
1388 1144 1418 1191 et
1473 1166 1474 1169 =

218 1216 466 1307 argumentandi
493 1221 587 1284 ratio,
625 1221 734 1286 Habet
753 1235 861 1285 tamen
878 1243 986 1287 secum
1000 1219 1175 1284 facientem
1191 1216 1420 1283 Abreschium.

219 1304 325 1371 Recte
350 1305 471 1370 Heath.
494 1306 591 1370 docet
606 1308 682 1371 satis
698 1322 809 1394 patere
823 1330 865 1372 ex
880 1312 925 1369 καὶ
940 1309 986 1385 μὴ,
1004 1308 1036 1372 in
1054 1329 1122 1391 seq.
1138 1304 1309 1384 versiculo,
1332 1303 1417 1366 bunc

216 1413 343 1456 versum
384 1391 494 1456 Choro
530 1393 736 1459 tribuendum
768 1416 848 1458 esse.
906 1393 1025 1458 Subdit
1049 1414 1135 1470 vero,
1170 1408 1349 1477 utcumque
1379 1388 1418 1451 de

217 1477 281 1543 hoc
304 1491 462 1543 statuatur
488 1479 622 1564 perinde
651 1501 730 1558 esse,
765 1479 846 1543 nihil
869 1481 955 1544 enim
981 1479 1045 1543 dici
1070 1480 1102 1542 in
1126 1478 1190 1542 hoc
1213 1500 1306 1542 versu
1331 1473 1419 1562 quod

217 1586 283 1628 non
306 1565 382 1629 satis
405 1564 490 1629 clare
513 1565 546 1628 in
573 1567 778 1652 praecedente
805 1568 966 1631 innuatur.
1014 1565 1113 1638 Quod
1142 1586 1207 1627 non
1232 1565 1358 1650 probo:
1386 1574 1418 1624 et

199 1653 302 1716 bene
329 1669 441 1715 monet
468 1650 602 1717 Sebutz.
638 1675 694 1716 eos
721 1654 776 1737 qui
806 1651 894 1716 hunc
926 1675 1051 1717 versum
1082 1650 1194 1714 Choro
1226 1649 1419 1734 adjudicant

216 1738 410 1836 elegantiam
434 1737 555 1825 dialogi
579 1755 612 1803 et
638 1739 704 1803 vim
731 1739 894 1827 particulae
921 1742 971 1823 γὲς
998 1739 1030 1802 in
1055 1737 1283 1825 respondendo
1309 1736 1417 1800 miuus

217 1845 430 1912 perspexisse.
708 1898 718 1907 .

262 1918 384 1988 11172.
417 1916 535 1975 ΚΑΡΤ’
558 1927 687 1977 lauru.
750 1914 879 1996 nagalta
905 1911 981 1977 Ald.
1045 1909 1132 1975 Mox
1175 1931 1234 1997 pro
1272 1913 1417 1994 ὃμόπτιςος,

218 2004 337 2080 ὁμόχροας
360 1997 470 2082 Marg.
494 1995 572 2062 ASk.
740 2024 742 2029 '

260 2095 291 2158 r.
309 2090 379 2153 174.
401 2097 571 2147 arratam
594 2099 710 2149 nunu.
753 2083 819 2149 Alii
846 2090 1044 2165 atterentem,
1069 2083 1123 2148 sed
1148 2081 1263 2147 melius
1286 2092 1417 2160 enatat,

217 2183 255 2235 ut
281 2169 321 2232 ad
349 2176 449 2253 ἰθιίςως
476 2168 642 2237 referatur.
676 2169 723 2239 H.
739 2170 878 2235 Sraen.
923 2178 1042 2233 Aaron„
1064 2176 1121 2245 ἡμῖν
1147 2168 1242 2235 Med.
1271 2170 1416 2259 Guelph.

216 2255 289 2320 Ald.
315 2255 397 2320 Rob.
415 2254 505 2318 Pors.
554 2257 623 2333 Nos
639 2269 746 2323 tamen
763 2280 838 2322 cum
853 2257 910 2322 Ste
936 2256 1022 2321 hano
1037 2255 1187 2320 facimus.

260 2352 291 2419 77.
306 2350 376 2411 175.
402 2356 571 2407 Karana„
597 2347 702 2427 ng‘adoe
717 2344 860 2430 Guelph.
882 2280 958 2407 Al.

259 2439 292 2503 γ.
307 2435 378 2498 178.
403 2444 561 2492 unauna.
599 2431 735 2507 “assuta
752 2428 895 2517 Guelph.
920 2429 997 2495 Ald.
1022 2429 1110 2494 Rob.
1223 2506 1227 2509 ¹

262 2513 348 2579 Ibid.
372 2528 527 2579 XAITHN.
572 2519 626 2579 Kal
645 2520 693 2582 vl»
712 2516 855 2604 Guelph.
879 2516 955 2580 Ald.
976 2515 1064 2579 Rob.
1089 2515 1189 2580 Turn.
1217 2538 1292 2602 quae
1318 2515 1416 2584 lectio

215 2613 349 2665 notatur
363 2601 462 2664 etiarn
479 2601 519 2665 ab
539 2600 583 2665 H.
600 2601 713 2689 Steph.

262 2686 348 2753 lbid.
388 2702 512 2752 narrt.
572 2696 671 2768 Πατρός
701 2687 796 2753 Med.
832 2686 975 2774 Guelph.
1002 2686 1076 2751 Ald.
1104 2688 1192 2753 Rob.
1217 2710 1290 2774 quae
1315 2686 1416 2755 lectio

217 2790 350 2838 notatur
364 2775 462 2838 etiam
479 2776 520 2841 ab
538 2773 582 2838 H.
600 2774 714 2862 Steph.
787 2836 791 2845 ,

257 2868 375 2924 a180.
398 2876 538 2924 raram.
582 2867 673 2946 sata,
689 2859 832 2948 Guelph.
853 2858 929 2923 Ald.
955 2859 1043 2925 Rob.

259 2958 292 3022 γ.
308 2954 378 3011 181.
401 2960 584 3011 uroaaarn
608 2962 766 3011 Karatai:
790 2961 1017 3011 ruranurou.
1082 2945 1150 3010 Nos
1177 2954 1295 3027 aetam.
1352 2948 1416 3015 Alii

216 3042 338 3114 agneten,
356 3032 442 3116 quod
461 3035 594 3095 verbum
611 3032 740 3118 elegans
754 3045 804 3096 est
819 3032 926 3095 iubae
942 3034 966 3095 si
994 3032 1193 3098 nificatione.
1216 3033 1263 3098 H.
1277 3033 1414 3100 Sraea.

217 3125 332 3201 Πςόσιπι
361 3121 464 3198 caelat
487 3122 609 3181 mvltvm
635 3119 758 3182 solenni
785 3140 892 3184 errore
920 3057 995 3183 Alei.
1055 3137 1082 3181 11
1097 3127 1164 3189 torst
1188 3119 1290 3185 babet
1316 3123 1416 3186 etiam

215 3201 317 3267 Turn.
361 3206 462 3286 καρδίᾳ
483 3204 569 3288 quod
587 3204 677 3268 dedit
692 3204 794 3268 Stanl.
812 3207 843 3268 in
867 3205 953 3269 curis
972 3151 1123 3269 secundis
1142 3208 1417 3293 excogitaverunt

217 3289 316 3352 etiarn
349 3288 458 3355 Pauw.
491 3289 651 3355 Abresch.
688 3292 775 3375 quod
814 3292 929 3377 probo.
987 3291 1096 3356 Pauw.
1137 3294 1235 3365 etiam
1270 3294 1417 3379 conjecit

217 3377 330 3456 adelrat,
352 3377 423 3440 sub.
447 3380 528 3450 κατὰ,
555 3378 603 3438 vel
630 3380 731 3460 ampliat
755 3388 866 3460 ωςοσέςη
889 3400 947 3463 pro
970 3383 1032 3459 πρὸς
1047 3381 1149 3461 euplius
1165 3384 1216 3456 isa,
1243 3394 1421 3466 utrumque

218 3464 325 3527 minus
350 3464 443 3540 bene,
466 3462 553 3547 quod
577 3479 610 3526 et
635 3463 694 3549 ipsi
721 3463 836 3527 visum.
889 3462 1008 3549 lungit
1030 3466 1129 3528 etiam
1152 3470 1244 3550 καρδίᾳ
1264 3496 1309 3543 μοι
1327 3482 1365 3531 ut
1380 3469 1417 3531 sit

218 3569 279 3635 pro
300 3553 390 3630 καρδίᾳ
412 3578 460 3628 με.
589 3584 591 3589 ⁴
1089 3626 1091 3631 .

216 3644 608 3789 Tr.181a1.anarpouu.
653 3642 775 3703 ’aeuitur
790 3634 883 3702 Med.
904 3634 1045 3724 Guelph.
1062 3634 1140 3700 Ald.
1154 3636 1241 3701 Rob.
1286 3639 1418 3707 'avebo
1472 3666 1474 3681 ⁴

248 3740 317 3785 uro.
380 3722 463 3784 ‚Ste
513 3767 521 3782 .
964 3780 970 3791 ,
1214 3720 1223 3735 “

260 3808 348 3872 Ibid.
374 3743 576 3870 arnuinrnt.
619 3810 753 3890 atauvat'p
777 3808 933 3894 scriptum
958 3805 1020 3870 fuit
1043 3807 1076 3870 in
1099 3805 1185 3873 Cod.
1211 3807 1302 3874 Rob.
1319 3833 1418 3898 quarn

215 3893 390 3959 lectionem
414 3892 575 3979 probabat
599 3891 806 3957 Robortellus
824 3907 954 3980 propter
967 3894 1147 3958 novitatem
1163 3907 1196 3959 et
1213 3912 1417 3962 venustatem
1473 3936 1474 3939 =

215 4003 287 4065 quae
319 3990 368 4044 est
394 3978 428 4041 in
455 3995 577 4064 etymo,
615 4001 634 4041 a
665 3980 954 4058 transiliendo,'ut
983 3979 1025 4044 sit
1055 3985 1161 4063 {tipum
1189 3982 1223 4044 iu
1255 3983 1417 4067 epitheto.

216 4065 260 4130 Et
282 4068 329 4131 sic
352 4068 387 4129 in
403 4065 488 4129 (lod.
514 4063 607 4129 Med.
629 4063 692 4151 legi
710 4088 803 4151 posse
818 4065 963 4150 conjecit
979 4066 1151 4132 Salvinius.
1196 4066 1260 4131 Sed
1278 4070 1417 4137 omnino

215 4152 421 4217 retinendum
444 4154 571 4232 διανταίῳ,
598 4153 686 4236 quod
710 4152 832 4216 stabilit
847 4153 945 4216 etiam
961 4153 1120 4217 Abresch.
1138 4176 1179 4219 ex
1197 4154 1290 4239 Sept.
1307 4152 1414 4222 Theb.

213 4250 244 4305 tt.
260 4247 335 4310 900.
367 4237 468 4324 Soph.
504 4234 677 4307 Electae.
698 4245 769 4311 197.
838 4238 891 4304 Cf.
922 4239 1021 4305 etiam
1050 4240 1166 4328 Antig.
1195 4245 1225 4308 γ’.
1245 4247 1343 4306 1315.
1383 4256 1416 4306 et

214 4341 360 4388 nostrum
386 4324 480 4400 infra,
506 4323 626 4397 noea.
1473 4326 1474 4351 ¹

259 4419 382 4484 11183.
418 4425 561 4473 a1r101.
605 4411 683 4475 Non
710 4411 865 4477 convenit
890 4409 1072 4498 epithetum
1097 4414 1191 4489 δίψιοι,
1214 4410 1283 4483 ‚nisi
1313 4424 1417 4477 traus-

200 4574 205 4583 „
213 4497 359 4584 positum
380 4495 422 4560 sit
447 4512 482 4561 et
501 4495 658 4565 referatur
678 4495 754 4564 loeo
777 4520 846 4579 suo,
870 4499 920 4565 vel
938 4497 979 4563 ad
1000 4500 1121 4585 tppdw
1141 4497 1319 4578 uetadun.
1368 4502 1417 4585 Ἐξ
1473 4562 1474 4569 ,
