<?xml version="1.0" encoding="UTF-8"?>
<!DOCTYPE html PUBLIC "-//W3C//DTD XHTML 1.0 Transitional//EN"
    "http://www.w3.org/TR/xhtml1/DTD/xhtml1-transitional.dtd">
<html xmlns="http://www.w3.org/1999/xhtml" xml:lang="en" lang="en">
 <head>
  <title>
</title>
<meta http-equiv="Content-Type" content="text/html;charset=utf-8" />
  <meta name='ocr-system' content='tesseract 3.04.00' />
  <meta name='ocr-capabilities' content='ocr_page ocr_carea ocr_par ocr_line ocrx_word'/>
</head>
<body>
  <div class='ocr_page' id='page_1' title='image "./schylitragdiqus01aescgoog_0089.png"; bbox 0 0 2958 4938; ppageno 0'>
   <div class='ocr_carea' id='block_1_1' title="bbox 603 249 982 323">
    <p class='ocr_par' dir='ltr' id='par_1_1' title="bbox 603 249 982 323">
     <span class='ocr_line' id='line_1_1' title="bbox 603 249 982 323; baseline 0.011 -6"><span class='ocrx_word' id='word_1_1' title='bbox 603 249 982 323; x_wconf 80' lang='lat' dir='ltr'><strong>CHOEPHORAE.</strong></span> 
     </span>
    </p>
   </div>
   <div class='ocr_carea' id='block_1_2' title="bbox 374 403 1174 1101">
    <p class='ocr_par' dir='ltr' id='par_1_2' title="bbox 374 403 965 492">
     <span class='ocr_line' id='line_1_2' title="bbox 374 403 965 492; baseline 0.01 -25"><span class='ocrx_word' id='word_1_2' title='bbox 374 403 550 492; x_wconf 81' lang='lat' dir='ltr'>Magnaque</span> <span class='ocrx_word' id='word_1_3' title='bbox 564 403 685 472; x_wconf 84' lang='lat' dir='ltr'>fortuna</span> <span class='ocrx_word' id='word_1_4' title='bbox 698 420 728 471; x_wconf 90' lang='lat' dir='ltr'>et</span> <span class='ocrx_word' id='word_1_5' title='bbox 739 405 823 477; x_wconf 80' lang='lat' dir='ltr'>valde</span> <span class='ocrx_word' id='word_1_6' title='bbox 837 405 965 492; x_wconf 71' lang='lat' dir='ltr'>epitumo</span> 
     </span>
    </p>

    <p class='ocr_par' dir='ltr' id='par_1_3' title="bbox 374 506 858 594">
     <span class='ocr_line' id='line_1_3' title="bbox 374 506 858 594; baseline 0.01 -27"><span class='ocrx_word' id='word_1_7' title='bbox 374 506 495 590; x_wconf 86' lang='lat' dir='ltr'>Majora</span> <span class='ocrx_word' id='word_1_8' title='bbox 508 507 650 594; x_wconf 81' lang='lat' dir='ltr'>loqueris:</span> <span class='ocrx_word' id='word_1_9' title='bbox 673 508 755 573; x_wconf 77' lang='lat' dir='ltr'>dolet</span> <span class='ocrx_word' id='word_1_10' title='bbox 765 508 858 575; x_wconf 79' lang='lat' dir='ltr'>enim.</span> 
     </span>
    </p>

    <p class='ocr_par' dir='ltr' id='par_1_4' title="bbox 375 609 848 697">
     <span class='ocr_line' id='line_1_4' title="bbox 375 609 848 697; baseline 0.006 -25"><span class='ocrx_word' id='word_1_11' title='bbox 375 609 494 672; x_wconf 87' lang='lat' dir='ltr'>Verum</span> <span class='ocrx_word' id='word_1_12' title='bbox 509 610 623 695; x_wconf 85' lang='lat' dir='ltr'>gemini</span> <span class='ocrx_word' id='word_1_13' title='bbox 635 609 724 695; x_wconf 79' lang='lat' dir='ltr'>hujus</span> <span class='ocrx_word' id='word_1_14' title='bbox 738 609 848 697; x_wconf 73' lang='lat' dir='ltr'>flagelli</span> 
     </span>
    </p>

    <p class='ocr_par' dir='ltr' id='par_1_5' title="bbox 374 706 1085 797">
     <span class='ocr_line' id='line_1_5' title="bbox 374 706 1085 797; baseline 0.007 -26"><span class='ocrx_word' id='word_1_15' title='bbox 374 706 471 772; x_wconf 87' lang='lat' dir='ltr'>Sonus</span> <span class='ocrx_word' id='word_1_16' title='bbox 484 710 615 774; x_wconf 84' lang='lat' dir='ltr'>advenit:</span> <span class='ocrx_word' id='word_1_17' title='bbox 638 710 748 775; x_wconf 89' lang='lat' dir='ltr'>horum</span> <span class='ocrx_word' id='word_1_18' title='bbox 763 710 885 797; x_wconf 89' lang='lat' dir='ltr'>quidem</span> <span class='ocrx_word' id='word_1_19' title='bbox 897 709 1085 777; x_wconf 68' lang='lat' dir='ltr'>auxiliatores</span> 
     </span>
    </p>

    <p class='ocr_par' dir='ltr' id='par_1_6' title="bbox 375 808 1044 995">
     <span class='ocr_line' id='line_1_6' title="bbox 375 808 1044 897; baseline 0.003 -24"><span class='ocrx_word' id='word_1_20' title='bbox 375 808 436 873; x_wconf 81' lang='lat' dir='ltr'>Sub</span> <span class='ocrx_word' id='word_1_21' title='bbox 453 825 543 886; x_wconf 68' lang='lat' dir='ltr'>terrm</span> <span class='ocrx_word' id='word_1_22' title='bbox 565 811 675 875; x_wconf 91' lang='lat' dir='ltr'>horum</span> <span class='ocrx_word' id='word_1_23' title='bbox 689 833 760 883; x_wconf 84' lang='lat' dir='ltr'>vero</span> <span class='ocrx_word' id='word_1_24' title='bbox 774 812 827 897; x_wconf 85' lang='lat' dir='ltr'>qui</span> <span class='ocrx_word' id='word_1_25' title='bbox 841 812 1044 891; x_wconf 79' lang='lat' dir='ltr'>dominantur,</span> 
     </span>
     <span class='ocr_line' id='line_1_7' title="bbox 375 909 1043 995; baseline 0.006 -23"><span class='ocrx_word' id='word_1_26' title='bbox 375 909 545 976; x_wconf 85' lang='lat' dir='ltr'>Invisomm</span> <span class='ocrx_word' id='word_1_27' title='bbox 559 912 679 991; x_wconf 88' lang='lat' dir='ltr'>horum,</span> <span class='ocrx_word' id='word_1_28' title='bbox 702 935 809 977; x_wconf 83' lang='lat' dir='ltr'>manus</span> <span class='ocrx_word' id='word_1_29' title='bbox 822 913 947 995; x_wconf 72' lang='lat' dir='ltr'>impurae</span> <span class='ocrx_word' id='word_1_30' title='bbox 960 930 1043 980; x_wconf 88' lang='lat' dir='ltr'>sunt:</span> 
     </span>
    </p>

    <p class='ocr_par' dir='ltr' id='par_1_7' title="bbox 374 1010 1174 1101">
     <span class='ocr_line' id='line_1_8' title="bbox 374 1010 1174 1101; baseline 0.004 -25"><span class='ocrx_word' id='word_1_31' title='bbox 374 1010 488 1076; x_wconf 86' lang='lat' dir='ltr'>Liberis</span> <span class='ocrx_word' id='word_1_32' title='bbox 502 1035 573 1078; x_wconf 88' lang='lat' dir='ltr'>vero</span> <span class='ocrx_word' id='word_1_33' title='bbox 588 1013 808 1101; x_wconf 77' lang='lat' dir='ltr'><em>Agamemnonis</em></span> <span class='ocrx_word' id='word_1_34' title='bbox 822 1012 883 1084; x_wconf 80' lang='lat' dir='ltr'>hoc</span> <span class='ocrx_word' id='word_1_35' title='bbox 898 1014 1034 1083; x_wconf 76' lang='lat' dir='ltr'>maximo</span> <span class='ocrx_word' id='word_1_36' title='bbox 1047 1027 1174 1081; x_wconf 79' lang='lat' dir='ltr'>cotutat.</span> 
     </span>
    </p>
   </div>
   <div class='ocr_carea' id='block_1_3' title="bbox 518 1238 1083 1308">
    <p class='ocr_par' dir='ltr' id='par_1_8' title="bbox 518 1238 1083 1308">
     <span class='ocr_line' id='line_1_9' title="bbox 518 1238 1083 1308; baseline -0.002 -2"><span class='ocrx_word' id='word_1_37' title='bbox 518 1238 1083 1308; x_wconf 81' lang='lat' dir='ltr'><strong>MONOSTROPHICA.</strong></span> 
     </span>
    </p>
   </div>
   <div class='ocr_carea' id='block_1_4' title="bbox 206 1394 1109 3415">
    <p class='ocr_par' dir='ltr' id='par_1_9' title="bbox 206 1394 978 1585">
     <span class='ocr_line' id='line_1_10' title="bbox 208 1394 975 1482; baseline 0.003 -24"><span class='ocrx_word' id='word_1_38' title='bbox 208 1412 339 1460; x_wconf 72' lang='lat' dir='ltr'>nuder.</span> <span class='ocrx_word' id='word_1_39' title='bbox 376 1396 449 1461; x_wconf 88' lang='lat' dir='ltr'>Hoc</span> <span class='ocrx_word' id='word_1_40' title='bbox 464 1417 513 1459; x_wconf 88' lang='lat' dir='ltr'>me</span> <span class='ocrx_word' id='word_1_41' title='bbox 528 1394 690 1478; x_wconf 85' lang='lat' dir='ltr'>penetravit</span> <span class='ocrx_word' id='word_1_42' title='bbox 703 1408 846 1481; x_wconf 84' lang='lat' dir='ltr'>tanquam</span> <span class='ocrx_word' id='word_1_43' title='bbox 859 1394 975 1482; x_wconf 82' lang='lat' dir='ltr'>sagitta.</span> 
     </span>
     <span class='ocr_line' id='line_1_11' title="bbox 206 1497 978 1585; baseline -0.004 -19"><span class='ocrx_word' id='word_1_44' title='bbox 206 1520 321 1566; x_wconf 74' lang='lat' dir='ltr'>cnon.</span> <span class='ocrx_word' id='word_1_45' title='bbox 372 1500 499 1585; x_wconf 86' lang='lat' dir='ltr'>Jupiter,</span> <span class='ocrx_word' id='word_1_46' title='bbox 509 1498 635 1584; x_wconf 85' lang='lat' dir='ltr'>Jupiter,</span> <span class='ocrx_word' id='word_1_47' title='bbox 648 1498 686 1561; x_wconf 86' lang='lat' dir='ltr'>ab</span> <span class='ocrx_word' id='word_1_48' title='bbox 701 1497 801 1561; x_wconf 78' lang='lat' dir='ltr'>inferis</span> <span class='ocrx_word' id='word_1_49' title='bbox 814 1498 978 1564; x_wconf 82' lang='lat' dir='ltr'>immittens</span> 
     </span>
    </p>

    <p class='ocr_par' dir='ltr' id='par_1_10' title="bbox 375 1601 855 1683">
     <span class='ocr_line' id='line_1_12' title="bbox 375 1601 855 1683; baseline 0 -17"><span class='ocrx_word' id='word_1_50' title='bbox 375 1601 665 1683; x_wconf 85' lang='lat' dir='ltr'>Tarde-punientem</span> <span class='ocrx_word' id='word_1_51' title='bbox 680 1601 855 1667; x_wconf 78' lang='lat' dir='ltr'><strong>Vindictam</strong></span> 
     </span>
    </p>

    <p class='ocr_par' dir='ltr' id='par_1_11' title="bbox 379 1702 1028 1769">
     <span class='ocr_line' id='line_1_13' title="bbox 379 1702 1028 1769; baseline -0.002 -1"><span class='ocrx_word' id='word_1_52' title='bbox 379 1706 415 1768; x_wconf 91' lang='lat' dir='ltr'>In</span> <span class='ocrx_word' id='word_1_53' title='bbox 429 1703 600 1768; x_wconf 78' lang='lat' dir='ltr'>mortalium</span> <span class='ocrx_word' id='word_1_54' title='bbox 615 1703 753 1767; x_wconf 85' lang='lat' dir='ltr'>miseram</span> <span class='ocrx_word' id='word_1_55' title='bbox 768 1720 797 1767; x_wconf 90' lang='lat' dir='ltr'>et</span> <span class='ocrx_word' id='word_1_56' title='bbox 810 1702 1028 1769; x_wconf 78' lang='lat' dir='ltr'>fraudulentam</span> 
     </span>
    </p>

    <p class='ocr_par' dir='ltr' id='par_1_12' title="bbox 379 1805 1108 1889">
     <span class='ocr_line' id='line_1_14' title="bbox 379 1805 1108 1889; baseline -0.004 -16"><span class='ocrx_word' id='word_1_57' title='bbox 379 1811 522 1885; x_wconf 88' lang='lat' dir='ltr'>Manum,</span> <span class='ocrx_word' id='word_1_58' title='bbox 537 1806 704 1889; x_wconf 84' lang='lat' dir='ltr'>parentibus</span> <span class='ocrx_word' id='word_1_59' title='bbox 715 1822 817 1873; x_wconf 84' lang='lat' dir='ltr'>tamen</span> <span class='ocrx_word' id='word_1_60' title='bbox 829 1807 949 1872; x_wconf 85' lang='lat' dir='ltr'>tandem</span> <span class='ocrx_word' id='word_1_61' title='bbox 962 1805 1108 1884; x_wconf 83' lang='lat' dir='ltr'>adveniet,</span> 
     </span>
    </p>

    <p class='ocr_par' dir='ltr' id='par_1_13' title="bbox 380 1907 734 1975">
     <span class='ocr_line' id='line_1_15' title="bbox 380 1907 734 1975; baseline -0.008 0"><span class='ocrx_word' id='word_1_62' title='bbox 380 1909 464 1975; x_wconf 87' lang='lat' dir='ltr'>Mihi</span> <span class='ocrx_word' id='word_1_63' title='bbox 477 1909 561 1972; x_wconf 91' lang='lat' dir='ltr'>detur</span> <span class='ocrx_word' id='word_1_64' title='bbox 575 1907 734 1972; x_wconf 86' lang='lat' dir='ltr'>concinere</span> 
     </span>
    </p>

    <p class='ocr_par' dir='ltr' id='par_1_14' title="bbox 320 2007 688 2092">
     <span class='ocr_line' id='line_1_16' title="bbox 320 2007 688 2092; baseline -0.003 -19"><span class='ocrx_word' id='word_1_65' title='bbox 320 2027 328 2033; x_wconf 71' lang='grc'><em>’</em></span> <span class='ocrx_word' id='word_1_66' title='bbox 379 2007 530 2073; x_wconf 83' lang='lat' dir='ltr'>Amorum</span> <span class='ocrx_word' id='word_1_67' title='bbox 542 2007 688 2092; x_wconf 82' lang='lat' dir='ltr'>ejulatum</span> 
     </span>
    </p>

    <p class='ocr_par' dir='ltr' id='par_1_15' title="bbox 380 2106 619 2185">
     <span class='ocr_line' id='line_1_17' title="bbox 380 2106 619 2185; baseline -0.017 -11"><span class='ocrx_word' id='word_1_68' title='bbox 380 2108 449 2174; x_wconf 87' lang='lat' dir='ltr'>Viri</span> <span class='ocrx_word' id='word_1_69' title='bbox 463 2106 619 2185; x_wconf 84' lang='lat' dir='ltr'>interfecti,</span> 
     </span>
    </p>

    <p class='ocr_par' dir='ltr' id='par_1_16' title="bbox 380 2207 723 2295">
     <span class='ocr_line' id='line_1_18' title="bbox 380 2207 723 2295; baseline -0.012 -20"><span class='ocrx_word' id='word_1_70' title='bbox 380 2208 579 2295; x_wconf 80' lang='lat' dir='ltr'>Mulierisque</span> <span class='ocrx_word' id='word_1_71' title='bbox 591 2207 723 2291; x_wconf 88' lang='lat' dir='ltr'>perditae.</span> 
     </span>
    </p>

    <p class='ocr_par' dir='ltr' id='par_1_17' title="bbox 382 2310 922 2393">
     <span class='ocr_line' id='line_1_19' title="bbox 382 2310 922 2393; baseline -0.002 -18"><span class='ocrx_word' id='word_1_72' title='bbox 382 2311 469 2393; x_wconf 85' lang='lat' dir='ltr'>Quid</span> <span class='ocrx_word' id='word_1_73' title='bbox 482 2311 564 2375; x_wconf 90' lang='lat' dir='ltr'>enim</span> <span class='ocrx_word' id='word_1_74' title='bbox 578 2310 670 2374; x_wconf 87' lang='lat' dir='ltr'>animi</span> <span class='ocrx_word' id='word_1_75' title='bbox 684 2333 769 2375; x_wconf 79' lang='lat' dir='ltr'>sensa</span> <span class='ocrx_word' id='word_1_76' title='bbox 781 2310 922 2378; x_wconf 83' lang='lat' dir='ltr'>occulto?</span> 
     </span>
    </p>

    <p class='ocr_par' dir='ltr' id='par_1_18' title="bbox 379 2411 848 2478">
     <span class='ocr_line' id='line_1_20' title="bbox 379 2411 848 2478; baseline -0.002 0"><span class='ocrx_word' id='word_1_77' title='bbox 379 2415 487 2478; x_wconf 86' lang='lat' dir='ltr'>Fatum</span> <span class='ocrx_word' id='word_1_78' title='bbox 502 2427 603 2475; x_wconf 83' lang='lat' dir='ltr'>tamen</span> <span class='ocrx_word' id='word_1_79' title='bbox 616 2411 848 2477; x_wconf 78' lang='lat' dir='ltr'>circumvolitat.</span> 
     </span>
    </p>

    <p class='ocr_par' dir='ltr' id='par_1_19' title="bbox 353 2511 716 2599">
     <span class='ocr_line' id='line_1_21' title="bbox 353 2511 716 2599; baseline -0.011 -19"><span class='ocrx_word' id='word_1_80' title='bbox 353 2572 356 2579; x_wconf 88' lang='lat'><em>.</em></span> <span class='ocrx_word' id='word_1_81' title='bbox 381 2517 500 2579; x_wconf 90' lang='lat' dir='ltr'>Verum</span> <span class='ocrx_word' id='word_1_82' title='bbox 513 2527 582 2577; x_wconf 88' lang='lat' dir='ltr'>ante</span> <span class='ocrx_word' id='word_1_83' title='bbox 594 2511 716 2599; x_wconf 62' lang='lat' dir='ltr'>faciem,</span> 
     </span>
    </p>

    <p class='ocr_par' dir='ltr' id='par_1_20' title="bbox 384 2615 677 2701">
     <span class='ocr_line' id='line_1_22' title="bbox 384 2615 677 2701; baseline -0.017 -20"><span class='ocrx_word' id='word_1_84' title='bbox 384 2615 600 2701; x_wconf 87' lang='lat' dir='ltr'>Acerbumque</span> <span class='ocrx_word' id='word_1_85' title='bbox 613 2637 677 2692; x_wconf 87' lang='lat' dir='ltr'>cor,</span> 
     </span>
    </p>

    <p class='ocr_par' dir='ltr' id='par_1_21' title="bbox 383 2714 738 2795">
     <span class='ocr_line' id='line_1_23' title="bbox 383 2714 738 2795; baseline -0.003 -13"><span class='ocrx_word' id='word_1_86' title='bbox 383 2719 442 2795; x_wconf 90' lang='lat' dir='ltr'>Ira,</span> <span class='ocrx_word' id='word_1_87' title='bbox 457 2714 608 2780; x_wconf 82' lang='lat' dir='ltr'>infensum</span> <span class='ocrx_word' id='word_1_88' title='bbox 623 2714 738 2781; x_wconf 84' lang='lat' dir='ltr'>odium.</span> 
     </span>
    </p>

    <p class='ocr_par' dir='ltr' id='par_1_22' title="bbox 384 2817 695 2901">
     <span class='ocr_line' id='line_1_24' title="bbox 384 2817 695 2901; baseline -0.003 -18"><span class='ocrx_word' id='word_1_89' title='bbox 384 2820 526 2901; x_wconf 82' lang='lat' dir='ltr'>Quando</span> <span class='ocrx_word' id='word_1_90' title='bbox 535 2840 606 2883; x_wconf 87' lang='lat' dir='ltr'>vero</span> <span class='ocrx_word' id='word_1_91' title='bbox 621 2817 695 2882; x_wconf 86' lang='lat' dir='ltr'>felix</span> 
     </span>
    </p>

    <p class='ocr_par' dir='ltr' id='par_1_23' title="bbox 379 2918 774 3007">
     <span class='ocr_line' id='line_1_25' title="bbox 379 2918 774 3007; baseline -0.005 -22"><span class='ocrx_word' id='word_1_92' title='bbox 379 2920 496 3007; x_wconf 88' lang='lat' dir='ltr'>Jupiter</span> <span class='ocrx_word' id='word_1_93' title='bbox 508 2941 633 2984; x_wconf 87' lang='lat' dir='ltr'>manum</span> <span class='ocrx_word' id='word_1_94' title='bbox 644 2918 774 3004; x_wconf 81' lang='lat' dir='ltr'>injiciet?</span> 
     </span>
    </p>

    <p class='ocr_par' dir='ltr' id='par_1_24' title="bbox 386 3006 936 3106">
     <span class='ocr_line' id='line_1_26' title="bbox 386 3006 936 3106; baseline -0.004 -19"><span class='ocrx_word' id='word_1_95' title='bbox 386 3019 478 3087; x_wconf 87' lang='lat' dir='ltr'>Heu!</span> <span class='ocrx_word' id='word_1_96' title='bbox 502 3019 578 3086; x_wconf 89' lang='lat' dir='ltr'>heu!</span> <span class='ocrx_word' id='word_1_97' title='bbox 603 3043 741 3102; x_wconf 82' lang='lat' dir='ltr'>suprema</span> <span class='ocrx_word' id='word_1_98' title='bbox 754 3019 806 3106; x_wconf 90' lang='lat' dir='ltr'>qui</span> <span class='ocrx_word' id='word_1_99' title='bbox 820 3006 936 3099; x_wconf 83' lang='lat' dir='ltr'>domae,</span> 
     </span>
    </p>

    <p class='ocr_par' dir='ltr' id='par_1_25' title="bbox 388 3120 967 3208">
     <span class='ocr_line' id='line_1_27' title="bbox 388 3120 967 3208; baseline 0.003 -21"><span class='ocrx_word' id='word_1_100' title='bbox 388 3122 561 3188; x_wconf 84' lang='lat' dir='ltr'>Testimonia</span> <span class='ocrx_word' id='word_1_101' title='bbox 573 3137 653 3188; x_wconf 80' lang='lat' dir='ltr'>certa</span> <span class='ocrx_word' id='word_1_102' title='bbox 667 3121 742 3187; x_wconf 83' lang='lat' dir='ltr'>fiant</span> <span class='ocrx_word' id='word_1_103' title='bbox 754 3120 825 3186; x_wconf 90' lang='lat' dir='ltr'>huic</span> <span class='ocrx_word' id='word_1_104' title='bbox 840 3121 967 3208; x_wconf 77' lang='lat' dir='ltr'>regioni.</span> 
     </span>
    </p>

    <p class='ocr_par' dir='ltr' id='par_1_26' title="bbox 387 3221 925 3306">
     <span class='ocr_line' id='line_1_28' title="bbox 387 3221 925 3306; baseline -0.006 -18"><span class='ocrx_word' id='word_1_105' title='bbox 387 3222 565 3289; x_wconf 84' lang='lat' dir='ltr'>Vindictam</span> <span class='ocrx_word' id='word_1_106' title='bbox 575 3245 664 3305; x_wconf 84' lang='lat' dir='ltr'>super</span> <span class='ocrx_word' id='word_1_107' title='bbox 676 3221 791 3306; x_wconf 77' lang='lat' dir='ltr'>injustis</span> <span class='ocrx_word' id='word_1_108' title='bbox 805 3236 925 3302; x_wconf 86' lang='lat' dir='ltr'>expeto.</span> 
     </span>
    </p>

    <p class='ocr_par' dir='ltr' id='par_1_27' title="bbox 385 3316 1109 3415">
     <span class='ocr_line' id='line_1_29' title="bbox 385 3316 1109 3415; baseline 0 -23"><span class='ocrx_word' id='word_1_109' title='bbox 385 3325 499 3392; x_wconf 88' lang='lat' dir='ltr'>Audite</span> <span class='ocrx_word' id='word_1_110' title='bbox 512 3348 584 3392; x_wconf 85' lang='lat' dir='ltr'>vero</span> <span class='ocrx_word' id='word_1_111' title='bbox 596 3349 615 3390; x_wconf 87' lang='lat' dir='ltr'>a</span> <span class='ocrx_word' id='word_1_112' title='bbox 626 3325 807 3390; x_wconf 79' lang='lat' dir='ltr'>terrestribus</span> <span class='ocrx_word' id='word_1_113' title='bbox 819 3324 976 3399; x_wconf 70' lang='lat' dir='ltr'>honorata</span> <span class='ocrx_word' id='word_1_114' title='bbox 990 3316 1109 3415; x_wconf 56' lang='lat' dir='ltr'>Furiae„</span> 
     </span>
    </p>
   </div>
   <div class='ocr_carea' id='block_1_5' title="bbox 642 3533 980 3602">
    <p class='ocr_par' dir='ltr' id='par_1_28' title="bbox 642 3533 980 3602">
     <span class='ocr_line' id='line_1_30' title="bbox 642 3533 980 3602; baseline 0 0"><span class='ocrx_word' id='word_1_115' title='bbox 642 3533 980 3602; x_wconf 76' lang='lat' dir='ltr'>ANArAESTt.</span> 
     </span>
    </p>
   </div>
   <div class='ocr_carea' id='block_1_6' title="bbox 390 3687 969 3879">
    <p class='ocr_par' dir='ltr' id='par_1_29' title="bbox 390 3687 969 3879">
     <span class='ocr_line' id='line_1_31' title="bbox 390 3687 969 3775; baseline 0.002 -21"><span class='ocrx_word' id='word_1_116' title='bbox 390 3687 570 3771; x_wconf 86' lang='lat' dir='ltr'>Quinetiam</span> <span class='ocrx_word' id='word_1_117' title='bbox 582 3689 633 3757; x_wconf 82' lang='lat' dir='ltr'>lox</span> <span class='ocrx_word' id='word_1_118' title='bbox 646 3705 701 3768; x_wconf 84' lang='lat' dir='ltr'>ost,</span> <span class='ocrx_word' id='word_1_119' title='bbox 721 3712 761 3754; x_wconf 86' lang='lat' dir='ltr'>ex</span> <span class='ocrx_word' id='word_1_120' title='bbox 773 3689 856 3756; x_wconf 76' lang='lat' dir='ltr'>caede</span> <span class='ocrx_word' id='word_1_121' title='bbox 869 3703 969 3775; x_wconf 76' lang='lat' dir='ltr'>guttur</span> 
     </span>
     <span class='ocr_line' id='line_1_32' title="bbox 390 3791 930 3879; baseline -0.004 -21"><span class='ocrx_word' id='word_1_122' title='bbox 390 3793 482 3858; x_wconf 74' lang='lat' dir='ltr'>Fraus</span> <span class='ocrx_word' id='word_1_123' title='bbox 493 3792 525 3857; x_wconf 91' lang='lat' dir='ltr'>in</span> <span class='ocrx_word' id='word_1_124' title='bbox 537 3807 657 3870; x_wconf 77' lang='lat' dir='ltr'>terram,</span> <span class='ocrx_word' id='word_1_125' title='bbox 676 3791 768 3859; x_wconf 82' lang='lat' dir='ltr'>alium</span> <span class='ocrx_word' id='word_1_126' title='bbox 782 3791 930 3879; x_wconf 85' lang='lat' dir='ltr'>requirere</span> 
     </span>
    </p>
   </div>
   <div class='ocr_carea' id='block_1_7' title="bbox 218 4004 1462 4567">
    <p class='ocr_par' dir='ltr' id='par_1_30' title="bbox 218 4004 1462 4567">
     <span class='ocr_line' id='line_1_33' title="bbox 219 4004 1409 4091; baseline 0.001 -21"><span class='ocrx_word' id='word_1_127' title='bbox 219 4007 332 4071; x_wconf 80' lang='lat' dir='ltr'>dirrima</span> <span class='ocrx_word' id='word_1_128' title='bbox 344 4005 471 4077; x_wconf 78' lang='lat' dir='ltr'>fortuna,</span> <span class='ocrx_word' id='word_1_129' title='bbox 489 4006 568 4069; x_wconf 81' lang='lat' dir='ltr'>dolet</span> <span class='ocrx_word' id='word_1_130' title='bbox 586 4010 670 4070; x_wconf 86' lang='lat' dir='ltr'>enim.</span> <span class='ocrx_word' id='word_1_131' title='bbox 708 4008 829 4071; x_wconf 78' lang='lat' dir='ltr'>Arenim</span> <span class='ocrx_word' id='word_1_132' title='bbox 841 4029 927 4071; x_wconf 78' lang='lat' dir='ltr'>sonus</span> <span class='ocrx_word' id='word_1_133' title='bbox 945 4007 1024 4091; x_wconf 76' lang='lat' dir='ltr'>flagri</span> <span class='ocrx_word' id='word_1_134' title='bbox 1044 4009 1124 4087; x_wconf 75' lang='lat' dir='ltr'>hujus</span> <span class='ocrx_word' id='word_1_135' title='bbox 1146 4004 1276 4088; x_wconf 79' lang='lat' dir='ltr'>duplicis,</span> <span class='ocrx_word' id='word_1_136' title='bbox 1298 4006 1409 4087; x_wconf 61' lang='lat' dir='ltr'>com·</span> 
     </span>
     <span class='ocr_line' id='line_1_34' title="bbox 221 4101 1410 4185; baseline -0.003 -19"><span class='ocrx_word' id='word_1_137' title='bbox 221 4122 317 4166; x_wconf 81' lang='lat' dir='ltr'>nestrae</span> <span class='ocrx_word' id='word_1_138' title='bbox 339 4120 365 4164; x_wconf 82' lang='lat' dir='ltr'>et</span> <span class='ocrx_word' id='word_1_139' title='bbox 383 4107 578 4185; x_wconf 70' lang='lat' dir='ltr'>Agamemnona</span> <span class='ocrx_word' id='word_1_140' title='bbox 598 4106 674 4163; x_wconf 84' lang='lat' dir='ltr'>venit</span> <span class='ocrx_word' id='word_1_141' title='bbox 686 4103 721 4164; x_wconf 81' lang='lat' dir='ltr'>ad</span> <span class='ocrx_word' id='word_1_142' title='bbox 741 4124 803 4173; x_wconf 78' lang='lat' dir='ltr'>not,</span> <span class='ocrx_word' id='word_1_143' title='bbox 821 4105 928 4165; x_wconf 78' lang='lat' dir='ltr'>invadit</span> <span class='ocrx_word' id='word_1_144' title='bbox 942 4125 1005 4175; x_wconf 83' lang='lat' dir='ltr'>uos,</span> <span class='ocrx_word' id='word_1_145' title='bbox 1023 4117 1055 4165; x_wconf 88' lang='lat' dir='ltr'>et</span> <span class='ocrx_word' id='word_1_146' title='bbox 1077 4104 1178 4164; x_wconf 76' lang='lat' dir='ltr'>norum</span> <span class='ocrx_word' id='word_1_147' title='bbox 1195 4101 1323 4176; x_wconf 84' lang='lat' dir='ltr'>quidem,</span> <span class='ocrx_word' id='word_1_148' title='bbox 1341 4102 1370 4159; x_wconf 57' lang='lat' dir='ltr'>k,</span> <span class='ocrx_word' id='word_1_149' title='bbox 1382 4123 1410 4163; x_wconf 81' lang='lat' dir='ltr'>e.</span> 
     </span>
     <span class='ocr_line' id='line_1_35' title="bbox 221 4195 1462 4277; baseline -0.002 -18"><span class='ocrx_word' id='word_1_150' title='bbox 221 4205 315 4269; x_wconf 87' lang='lat' dir='ltr'>nostri,</span> <span class='ocrx_word' id='word_1_151' title='bbox 334 4199 508 4260; x_wconf 77' lang='lat' dir='ltr'>auxiliatores</span> <span class='ocrx_word' id='word_1_152' title='bbox 523 4198 583 4276; x_wconf 73' lang='lat' dir='ltr'>jam</span> <span class='ocrx_word' id='word_1_153' title='bbox 600 4203 727 4261; x_wconf 76' lang='lat' dir='ltr'>ruottub</span> <span class='ocrx_word' id='word_1_154' title='bbox 750 4215 832 4270; x_wconf 74' lang='lat' dir='ltr'>terra,</span> <span class='ocrx_word' id='word_1_155' title='bbox 857 4205 951 4272; x_wconf 63' lang='lat' dir='ltr'>corint</span> <span class='ocrx_word' id='word_1_156' title='bbox 969 4216 1000 4260; x_wconf 81' lang='lat' dir='ltr'>ut</span> <span class='ocrx_word' id='word_1_157' title='bbox 1025 4216 1121 4260; x_wconf 77' lang='lat' dir='ltr'>eorum</span> <span class='ocrx_word' id='word_1_158' title='bbox 1145 4196 1196 4277; x_wconf 74' lang='lat' dir='ltr'>qul</span> <span class='ocrx_word' id='word_1_159' title='bbox 1220 4195 1413 4266; x_wconf 64' lang='lat' dir='ltr'>dominantur,</span> <span class='ocrx_word' id='word_1_160' title='bbox 1458 4214 1462 4223; x_wconf 88' lang='lat'>&#39;</span> 
     </span>
     <span class='ocr_line' id='line_1_36' title="bbox 220 4285 1412 4376; baseline -0.002 -22"><span class='ocrx_word' id='word_1_161' title='bbox 220 4295 320 4356; x_wconf 84' lang='lat' dir='ltr'>horum</span> <span class='ocrx_word' id='word_1_162' title='bbox 332 4314 432 4376; x_wconf 86' lang='lat' dir='ltr'>nempe</span> <span class='ocrx_word' id='word_1_163' title='bbox 445 4285 608 4371; x_wconf 85' lang='lat' dir='ltr'>impiorum,</span> <span class='ocrx_word' id='word_1_164' title='bbox 628 4317 725 4357; x_wconf 79' lang='lat' dir='ltr'>manus</span> <span class='ocrx_word' id='word_1_165' title='bbox 736 4311 801 4357; x_wconf 83' lang='lat' dir='ltr'>sunt</span> <span class='ocrx_word' id='word_1_166' title='bbox 813 4295 940 4372; x_wconf 79' lang='lat' dir='ltr'>impune,</span> <span class='ocrx_word' id='word_1_167' title='bbox 960 4301 1062 4376; x_wconf 75' lang='lat' dir='ltr'>impie,</span> <span class='ocrx_word' id='word_1_168' title='bbox 1082 4295 1161 4369; x_wconf 82' lang='lat' dir='ltr'>quod</span> <span class='ocrx_word' id='word_1_169' title='bbox 1179 4293 1277 4374; x_wconf 77' lang='lat' dir='ltr'>generi</span> <span class='ocrx_word' id='word_1_170' title='bbox 1294 4293 1412 4372; x_wconf 77' lang='lat' dir='ltr'>potissi·</span> 
     </span>
     <span class='ocr_line' id='line_1_37' title="bbox 220 4387 1412 4476; baseline -0.003 -23"><span class='ocrx_word' id='word_1_171' title='bbox 220 4412 297 4453; x_wconf 87' lang='lat' dir='ltr'>mum</span> <span class='ocrx_word' id='word_1_172' title='bbox 317 4390 434 4461; x_wconf 84' lang='lat' dir='ltr'>accidit,</span> <span class='ocrx_word' id='word_1_173' title='bbox 460 4392 489 4457; x_wconf 78' lang='lat' dir='ltr'>h.</span> <span class='ocrx_word' id='word_1_174' title='bbox 501 4417 524 4456; x_wconf 83' lang='lat' dir='ltr'>e.</span> <span class='ocrx_word' id='word_1_175' title='bbox 544 4392 625 4455; x_wconf 77' lang='lat' dir='ltr'>liberi</span> <span class='ocrx_word' id='word_1_176' title='bbox 641 4399 802 4475; x_wconf 77' lang='lat' dir='ltr'>potissimum</span> <span class='ocrx_word' id='word_1_177' title='bbox 816 4395 1014 4476; x_wconf 59' lang='lat' dir='ltr'>tfgaemmmnis</span> <span class='ocrx_word' id='word_1_178' title='bbox 1032 4391 1121 4455; x_wconf 55' lang='lat' dir='ltr'>hum</span> <span class='ocrx_word' id='word_1_179' title='bbox 1142 4387 1412 4471; x_wconf 59' lang='lat' dir='ltr'>repatriaremur</span> 
     </span>
     <span class='ocr_line' id='line_1_38' title="bbox 218 4492 331 4567; baseline -0.009 -18"><span class='ocrx_word' id='word_1_180' title='bbox 218 4492 331 4567; x_wconf 74' lang='lat' dir='ltr'>experri.</span> 
     </span>
    </p>
   </div>
   <div class='ocr_carea' id='block_1_8' title="bbox 0 0 1495 4938">
    <p class='ocr_par' dir='ltr' id='par_1_31' title="bbox 0 0 1495 4938">
     <span class='ocr_line' id='line_1_39' title="bbox 0 0 1495 4938; baseline 0 0"><span class='ocrx_word' id='word_1_181' title='bbox 0 0 1495 4938; x_wconf 95' lang='lat' dir='ltr'> </span> 
     </span>
    </p>
   </div>
  </div>
 </body>
</html>
