2992 4942
265 351 406 427 ΝΟΜ
429 357 568 428 vultu.
590 359 650 431 ΕΤ
671 359 873 431 nuruum
897 359 1185 431 PHILOLOGG.
1251 366 1310 434 tat

117 511 245 599 pietati,
259 536 343 613 ⁸qua
362 515 431 582 siue
456 517 576 585 nedum
602 519 701 598 cives,
731 540 838 607 neque
863 517 1012 585 homiues
1036 540 1158 599 sumus,
1187 518 1249 583 ista
1278 527 1313 582 et

117 612 268 683 sequeutr
319 603 482 689 tragoedia
524 605 757 672 solemnissime
796 620 928 672 cautum
966 616 1024 671 est·
1099 607 1313 695 Quaecunque

117 685 253 784 publice
292 687 450 769 videntur,
488 691 674 772 audiuntur,
719 692 895 780 agitantur,
936 692 976 757 iis
1004 690 1131 779 legibus
1159 689 1312 778 suppleri,

116 787 371 861 augustioraque
402 777 494 843 reddi
517 777 707 865 fundamina
735 781 781 844 rei
812 794 878 847 tam
909 780 1054 868 privatae,
1092 799 1190 865 quam
1219 799 1312 843 com·

116 859 238 938 munis,
269 862 452 1012 prudenter
492 864 610 951 pieque
648 867 896 934 constituerunt.
956 864 999 931 Et
1032 887 1093 930 uos
1123 864 1233 931 virtuti
1263 860 1314 929 vel

114 944 266 1044 delectari
291 970 312 1012 o
334 951 474 1036 prospici
501 967 535 1015 et
561 966 658 1038 prout
687 953 807 1040 qmevis
835 968 914 1020 aetas
948 951 1089 1038 aliquam
1128 971 1312 1039 perversam

113 1043 279 1098 rationem
306 1035 442 1121 inducit,
468 1035 514 1103 illi
535 1038 585 1104 vel
602 1040 648 1104 ita
662 1040 790 1105 occurri
805 1039 948 1106 civitatis
963 1039 1115 1104 interesse
1131 1058 1312 1104 censemus.

119 1116 179 1182 10.
198 1118 379 1188 Mutuus.
1327 1192 1331 1205 ¹

160 1215 193 1304 pt.
213 1214 242 1272 1.
273 1223 368 1272 temet
398 1223 565 1292 xoortln„
596 1209 736 1279 Hermes
763 1212 933 1301 multiplex
959 1211 1012 1276 illa
1034 1210 1145 1277 diviua
1166 1209 1214 1275 vis
1238 1207 1312 1288 fuit,

115 1311 173 1440 pur
194 1313 302 1443 ppque
328 1293 432 1361 infera
456 1318 557 1384 regua
579 1295 688 1364 clausa
709 1314 795 1380 aunt,
816 1298 961 1390 Angelus
982 1297 1178 1365 excellenter
1193 1297 1313 1361 dictus.

141 1397 177 1443 o.
240 1398 374 1447 untur.

164 1463 252 1531 Ibid.
286 1468 419 1533 naurn'
439 1484 662 1535 suonrnrnv
694 1486 826 1535 xenrrs.
896 1467 1011 1535 Minus
1046 1489 1226 1557 congruum
1263 1481 1313 1532 est

115 1556 244 1634 Πατςᾷα,
276 1553 403 1619 etiamsi
438 1577 480 1620 ex
505 1571 622 1622 onatur
657 1562 790 1642 ωατςόθει,
827 1577 901 1621 nam
935 1557 1018 1622 nihil
1056 1556 1143 1644 apud
1186 1553 1313 1619 Inferos

116 1650 250 1722 poterat
270 1637 412 1727 Jupiter,
427 1658 461 1706 et
523 1643 666 1709 ercurius
685 1649 779 1726 xit-n,
800 1644 846 1709 ibi
863 1643 1009 1709 minister
1024 1644 1124 1730 ipsius
1141 1640 1312 1707 Plutonis:

115 1729 198 1822 cuin
220 1740 328 1790 autem
350 1729 504 1794 mandata
523 1728 616 1796 Jovis
639 1731 680 1796 ad
697 1730 870 1796 Plutonem
886 1730 1079 1817 perferebat,
1102 1751 1166 1793 non
1185 1739 1314 1815 poterat

117 1808 188 1874 drcr
232 1821 332 1896 πατρῖ
358 1819 501 1878 immisso
516 1826 520 1833 '
536 1820 638 1901 agdus:
683 1814 732 1882 Eo
769 1833 876 1882 tamen
919 1816 1062 1905 respexit
1099 1816 1198 1880 credo
1240 1812 1314 1877 AEs·

117 1895 254 1982 chylus;
283 1899 364 1963 nihil
390 1902 476 1966 enim
494 1902 607 1967 melius
623 1905 778 1990 suppetit.
823 1902 957 1968 Stanleii
975 1903 1149 1968 Mercurius
1162 1900 1315 1966 terrestris

116 2003 188 2046 non
217 1986 298 2050 dicit
326 1988 412 2073 quod
446 1988 564 2055 debet:
600 1987 743 2054 Mercuri
764 1989 963 2054 subterranea
986 1990 1198 2054 vertendum:
1221 1993 1313 2068 χθέηι,

111 2076 272 2153 ’καταχθόηε
297 2082 338 2137 ut
355 2095 442 2140 nuno
467 2097 564 2140 nemo
587 2077 702 2143 nescit.
734 2076 863 2141 quvv.
911 2074 1096 2164 Dupliciter
1118 2072 1182 2137 hoc
1205 2072 1312 2160 accipi

118 2178 215 2241 posse
238 2173 330 2223 nutat
352 2159 462 2226 Schol.
486 2161 653 2250 Aristoph.
674 2164 716 2229 ad
732 2164 818 2230 Rau.
839 2175 871 2238 γ,
887 2171 980 2229 1140.
1025 2161 1091 2226 Sed
1106 2165 1221 2246 Πατςᾷα
1235 2165 1315 2244 agaim

116 2243 272 2329 designat
322 2257 466 2312 uternam
494 2249 578 2331 (scil.
606 2250 878 2337 Agamemnonis)
901 2249 1074 2336 imperium.
1133 2246 1188 2311 Sic
1217 2244 1314 2327 infra,

115 2339 148 2405 1.
171 2338 241 2396 124.
316 2334 337 2396 ll
361 2333 516 2401 (licuntur
535 2339 656 2421 σατςᾷυν
675 2339 790 2416 lupoirus
805 2342 950 2401 teleneus.
974 2335 1137 2400 SCHUTZ.
1182 2333 1314 2398 Patrem

117 2414 246 2482 Orestis
266 2416 320 2484 hic
344 2420 480 2510 intelligi
505 2444 603 2487 nemo
627 2423 792 2489 dubitabit
816 2423 870 2509 qui
892 2421 1042 2488 Orestem
1057 2436 1199 2508 paterna
1214 2418 1313 2485 caedis
1356 2467 1358 2470 ψ

115 2503 286 2570 vindicem
302 2506 444 2573 adfuisse
460 2508 655 2574 meminerit.
702 2509 736 2574 S.
753 2510 922 2575 Burnsa.

162 2602 194 2688 ψ.
212 2599 244 2656 2.
277 2608 397 2680 ΣΩΤΗΡ,
411 2582 543 2660 'rumor
570 2611 647 2660 Mol.
693 2596 778 2661 Nem
804 2617 822 2660 e
849 2594 957 2658 salutes
983 2608 1096 2659 auctor
1124 2604 1194 2657 erat
1222 2589 1315 2656 Mer·

116 2698 239 2757 currus,
259 2679 285 2742 si
299 2679 425 2746 exitum
442 2682 533 2747 daret
549 2681 675 2747 orestae
690 2618 832 2748 consilis
854 2682 954 2767 patris
968 2680 1091 2745 caedem
1107 2676 1312 2743 ulsciscendi.

116 2762 233 2829 Schol.
258 2765 425 2854 Aristoph.
451 2769 535 2835 Ran.
558 2779 589 2845 tl.
607 2776 700 2835 1128.
723 2772 784 2833 Ἐπὶ
808 2762 841 2832 ris
855 2774 976 2852 ωαςόντος
990 2776 1091 2845 desisse,
1112 2768 1136 2828 lv
1150 2766 1314 2847 ἀγωνίζομαι,

116 2855 191 2948 ttae»
212 2860 350 2936 τιμωρῆσαι
372 2861 407 2938 τῷ
429 2860 524 2940 ωατςί.
569 2854 723 2921 Similiter
750 2854 888 2933 Chorus,
909 2853 1030 2930 11261.
1056 2850 1313 2940 Agamemnonis

113 2934 238 3002 liberos
252 2942 364 3023 aurigae
379 2942 447 3013 iside
460 2946 558 3026 πατρὶς
573 2965 593 3006 a
616 2941 725 3029 pellat.
769 2940 933 3008 Scuuuz.

163 3033 195 3096 rt.
210 3032 242 3089 4.
265 3039 382 3090 oxeos.
427 3025 517 3093 Pers.
543 3041 573 3105 r.
588 2965 664 3103 ὣς).

329 3166 368 3225 Ἠ
389 3168 459 3243 φίλος
481 3164 539 3246 title
558 3164 575 3228 vl
595 3167 667 3244 φίλος
687 3164 760 3244 ὄχθος

335 3253 404 3312 utha
426 3253 477 3333 pol(
501 3254 606 3312 virtulo
627 3250 681 3316 lh.
768 3246 805 3313 S.
821 3245 986 3312 BUTLER.

163 3390 193 3457 l·
206 3387 238 3444 5.
262 3393 392 3444 xnruru
414 3394 584 3445 uxornnr.
629 3379 706 3445 Hoc
730 3391 764 3443 et
786 3380 973 3467 praecedens
991 3381 1063 3441 ‘um
1087 3375 1132 3438 ...t
1154 3383 1314 3459 metatus»

117 3488 188 3531 non
211 3463 328 3550 injuria
351 3467 436 3531 ridet
458 3466 682 3532 festivissimus
696 3478 730 3529 et
744 3466 979 3530 eruditissimus
996 3462 1163 3529 Comicus.
1187 3461 1314 3529 Pium.

105 3558 298 3637 1Τειυτολογίοις
323 3567 433 3618 notam
455 3554 490 3617 ln
517 3558 590 3617 Ἥκω
618 3556 662 3615 tal
688 3564 849 3634 κατέςχσμαι
876 3552 1001 3638 optime
1029 3549 1116 3636 apud
1147 3546 1312 3635 Aristoph.

120 3637 296 3724 AEschylus
318 3639 387 3725 ipse
414 3640 582 3728 abstergit.
619 3638 747 3724 Nempe
767 3650 927 3721 κατίςχομαι
945 3637 1074 3725 proprie
1089 3635 1258 3700 dicebatur
1273 3633 1314 3722 de

119 3720 272 3790 exulibus
304 3726 504 3811 postliminio
537 3726 756 3791 redeuntibus.
828 3722 905 3788 Hoc
942 3738 1050 3788 autem
1086 3720 1244 3786 versiculo
1281 3722 1314 3785 in

119 3812 172 3877 his
194 3811 300 3875 verbis
327 3814 415 3899 apud
440 3811 694 3899 Aristophanem
721 3811 860 3897 abrupto
884 3810 951 3875 dici
975 3831 1042 3873 nou
1065 3822 1181 3896 potest,
1205 3828 1315 3871 annon

117 3906 219 3963 ἐῶσαι
241 3897 325 3963 forte
346 3900 388 3963 ad
414 3921 482 3985 seq.
507 3902 692 3986 pertineret,
715 3911 752 3961 ut
776 3919 817 3960 ne
839 3896 903 3961 hoc
925 3896 1056 3982 quidem
1073 3894 1146 3959 loco
1164 3893 1211 3956 bis
1227 3893 1315 3957 idem

119 3984 243 4050 dixisse
272 3980 372 4049 AEsch
397 3980 464 4050 lum
492 3985 567 4071 jure
604 3984 680 4049 Euri
707 3984 774 4048 ides
809 3983 1064 4070 Aristophaneus
1098 3980 1313 4045 contenderit.

120 4070 286 4138 Scttuuz.
343 4008 441 4137 Plura
467 4071 562 4157 hujus
593 4007 789 4157 tautologias
813 4070 853 4151 (si
886 4068 1064 4155 tautologia
1093 4065 1232 4130 dicenda
1261 4067 1320 4151 sit).

119 4157 274 4244 exempla
291 4158 455 4246 congessit
477 4158 525 4223 vir
545 4158 586 4223 cl.
606 4156 661 4224 Jo.
676 4156 800 4221 Potter.
816 4157 857 4219 ad
876 4155 1023 4243 Lycoph.
1041 4163 1071 4229 rt.
1085 4160 1316 4236 Sum-attegia

118 4252 258 4314 ἰιβιλῢσα
278 4245 465 4323 mpsim-—
510 4244 686 4310 uemvide.
731 4240 785 4308 Cf.
801 4242 899 4307 etiarn
918 4240 1092 4306 Ruhnken.
1110 4237 1172 4326 Ep.
1191 4237 1273 4303 Crit.
1287 4237 1314 4303 1.

119 4355 153 4420 p.
175 4338 247 4404 139.
263 4346 297 4394 et
311 4353 402 4417 seqq.
449 4330 483 4395 S.
534 4350 669 4398 vunnu.

164 4416 243 4494 rud.
279 4432 486 4482 tnuxttt.
543 4414 696 4495 Flumini,
727 4413 769 4480 M
793 4435 945 4480 cenarum
973 4412 1056 4499 patri
1085 4412 1186 4477 dicto.
1230 4410 1298 4475 Pan

118 4526 190 4571 san.
215 4501 367 4571 Corinth.
383 4525 413 4569 c.
428 4510 480 4573 15.
502 4503 642 4571 Scenam
661 4501 757 4653 Arggs
809 4523 930 4591 ycenas
944 4498 1176 4581 transferimus,
1198 4497 1257 4563 eo*

761 4609 779 4657 a
