2924 4936
609 312 991 383 CHOEPHORAE.

377 465 489 535 Talem
505 470 650 553 possideat
663 470 708 534 vir
721 471 822 549 fallax,

374 573 516 654 Hospites
530 572 644 650 fallens,
665 590 695 637 et
709 575 846 655 pecunia
859 573 992 659 indigam

374 674 481 738 Vitam
496 673 663 738 instituens:
685 675 746 739 hoc
761 676 813 761 qui
828 675 900 739 dolo

373 777 491 840 Multos
505 775 686 840 interficiens
700 779 794 842 multa
807 793 929 842 cruente
942 775 1045 841 animo
1059 773 1169 839 volvat.

374 880 464 944 Talis
477 879 551 943 mihi
565 904 643 945 uxor
657 882 688 944 in
701 882 794 945 domo

374 980 427 1043 Ne
440 978 491 1042 sit:
514 980 624 1044 moriar
636 981 735 1062 potius
749 978 888 1046 Deorum
902 979 1023 1045 arbitrio
1036 978 1099 1044 sine
1110 976 1218 1042 liberis.

626 1166 965 1232 ANAPAESTI.

372 1286 444 1364 Hei,
466 1286 526 1363 hei,
550 1287 642 1351 tristia
656 1285 760 1368 opera!

267 1450 270 1457 ,
370 1388 530 1450 Horrenda
544 1404 639 1452 morte
654 1390 846 1468 interemptus
859 1409 903 1451 es..

370 1487 443 1564 Hei,
457 1486 522 1551 hei!
547 1490 678 1554 manenti
693 1489 779 1552 dolor
792 1487 935 1575 augescit.

682 1692 903 1777 rimer

370 1870 463 1945 Fecit,
477 1885 529 1932 aut
542 1890 605 1932 non
619 1866 708 1941 fecit;
730 1866 810 1930 testis
823 1882 924 1929 autem
939 1866 1015 1930 mihi
1027 1882 1073 1933 ost

369 1969 469 2034 Vestis
480 1969 560 2046 haec,
582 1991 675 2054 quam
690 1967 779 2030 tinxit
791 1966 923 2053 AEgisthi
934 1970 1021 2034 ensis.

369 2070 470 2135 Caedis
484 2093 555 2134 vero
569 2069 699 2132 tinctura
712 2082 780 2148 post
794 2082 909 2149 tempus
923 2068 1073 2135 diutinum
1087 2070 1258 2156 conjicitur,

368 2171 479 2236 Varios
493 2172 611 2235 colores
623 2171 710 2233 vestis
721 2190 925 2250 corrumpens.

367 2274 464 2337 Nunc
478 2271 575 2353 ipsum
586 2271 676 2336 laudo
684 2298 692 2346 ;
703 2293 798 2334 nunc
813 2271 908 2335 defleo
921 2288 1029 2352 astans,
1120 2290 1124 2295 ’
1454 2342 1455 2353 χ

367 2376 410 2438 Et
423 2373 598 2455 parricidam
613 2386 725 2436 vestem
736 2373 815 2436 hanc
828 2374 994 2460 alloquens.
1306 2392 1382 2459 1015

368 2477 476 2563 Lugeo
491 2475 612 2561 quidem
626 2495 726 2556 opera,
741 2488 772 2538 et
786 2473 943 2553 affectum,
958 2494 988 2542 et
1001 2491 1101 2541 totum
1115 2496 1224 2563 genus,
1454 2524 1455 2583 p

366 2579 622 2663 Non-expetenda
635 2579 751 2643 habens
761 2578 851 2663 hujus
864 2580 997 2646 victoria
1010 2580 1245 2667 inquinamenta.
1454 2588 1455 2617 r

617 2778 959 2851 AN'APAEsTr

1454 2854 1455 2891 i

366 2940 470 3002 Nemo
484 2936 645 3001 hominum
661 2938 757 3001 vitam
769 2937 933 3003 innocuam

365 3038 504 3102 Omnino
518 3037 681 3118 impunitus
696 3038 884 3118 permutabit.
1454 3026 1455 3101 i

364 3142 415 3205 Ad
425 3141 558 3205 laborem
568 3155 668 3204 autem
678 3139 728 3203 hic
742 3140 853 3218 statim,
868 3140 916 3204 ille
928 3163 998 3204 vero
1013 3145 1126 3206 tandem
1140 3143 1248 3209 veniet.
1303 3159 1381 3210 1020

1454 3264 1455 3321 i

677 3324 901 3391 IAMBI.

361 3471 481 3538 Viderit
495 3471 580 3549 alius,
600 3492 660 3557 ego
673 3471 746 3535 novi
760 3495 823 3557 quo
837 3493 883 3535 res
895 3470 1017 3548 recidet,

365 3573 448 3638 Sicut
461 3596 533 3637 curn
548 3573 632 3659 equis
644 3573 748 3659 auriga
762 3589 846 3636 extra
859 3592 990 3637 cursum.

362 3672 415 3736 Ira
430 3671 529 3736 ferunt
543 3672 624 3735 enim
639 3672 754 3735 victum

362 3772 469 3836 Animi
482 3790 689 3837 contumaces:
714 3773 746 3835 in
759 3772 862 3836 animo
877 3794 948 3837 vero
963 3787 1007 3836 est
1020 3771 1110 3836 timor

363 3879 403 3940 Et
417 3893 535 3940 cantare
546 3893 675 3958 paratus,
689 3891 719 3940 et
734 3877 866 3941 subsilire
880 3877 933 3942 ira.
1302 3891 1378 3960 1025
1411 3890 1415 3895 ’

364 3981 464 4044 Modo
479 3997 579 4044 aurem
593 3982 664 4044 dum
678 3981 786 4045 mentis
801 4004 927 4064 compos
940 4005 1018 4059 sum,
1033 3981 1165 4064 praedico
1178 3979 1295 4061 amicis,
1454 3968 1455 4009 ¹

363 4083 403 4145 Et
417 4082 485 4147 dico
501 4104 549 4145 me
563 4081 742 4145 interfecisse
758 4096 883 4147 matrem
896 4106 959 4147 non
975 4083 1090 4167 injuria.

362 4182 542 4245 Parricidam
556 4183 721 4259 scelestam,
743 4196 773 4244 et
787 4183 926 4249 Deorum
938 4183 1055 4260 odium,

362 4287 403 4348 Et
416 4285 522 4365 philtra
535 4286 624 4370 hujus
637 4284 769 4353 audaciae
777 4287 863 4370 jacto

314 4398 318 4419 ‘
362 4387 504 4473 Pythium
520 4404 620 4453 vatem
633 4389 818 4470 Apollinem,
839 4390 890 4475 qui
906 4390 1028 4453 oraculo
1043 4388 1133 4455 edidit
1146 4387 1222 4452 mihi
1300 4405 1374 4475 1030

361 4488 440 4552 Haec
454 4490 648 4576 agenriextra
659 4491 774 4556 malum
788 4491 903 4555 crimen
916 4492 991 4572 fore,
