2958 4938
431 325 851 398 CHOEPHORAE.

19 512 20 515 ’
85 508 190 556 siser.
223 484 283 554 Hei
298 482 390 549 mihi!
414 482 465 548 hic
478 485 563 571 quasi
577 497 682 549 contra
695 485 854 567 scopulum
868 470 1053 574 navigamus.

223 590 255 655 Ο
269 586 466 652 ineluctabilis
478 587 584 650 harum
598 587 709 651 aedium
724 588 908 669 imprecati0,

223 694 268 756 Ut
280 690 375 753 multa
390 688 518 770 inspicis,
534 690 623 753 etiam
637 712 656 752 a
670 690 760 775 longe
774 711 818 753 res
832 692 906 755 bene
919 692 1027 773 positas

222 792 363 858 Arcubus
376 790 691 854 bene-collimantibus
706 791 877 877 subjugans,

225 893 343 963 Amicis
357 915 406 956 me
419 892 613 957 miserrimam
629 891 760 979 privasti.

223 995 261 1059 Et
275 1016 357 1058 nune
372 993 505 1071 Orestes,
523 994 600 1057 bene
614 991 696 1056 enim
707 993 762 1057 sibi
776 994 974 1072 consuluerat,

226 1097 320 1160 Extra
334 1095 433 1159 lutum
445 1095 553 1159 lethale
566 1094 671 1176 pedem
685 1093 792 1173 ferens,

226 1198 327 1280 Spem,
349 1220 419 1282 quae
434 1198 466 1265 in
479 1196 592 1265 adibus
603 1197 715 1261 latitiae
727 1220 856 1262 summae

225 1298 343 1363 Nutrix
357 1297 423 1376 fuit,
445 1312 632 1379 praeseutem,
651 1298 683 1363 in
697 1298 893 1383 quaestionem
907 1298 1036 1365 adducit.

226 1402 295 1489 Ego
312 1401 432 1487 quidem
443 1400 613 1482 hospitibus
627 1400 703 1463 adeo
718 1400 810 1463 beatis

228 1504 386 1569 Bonorum
398 1523 489 1567 eausa
501 1500 694 1588 negotiorum
706 1500 790 1565 volui

170 1680 178 1699 .
226 1602 426 1681 Innotescere,
449 1619 479 1666 et
492 1602 623 1690 hospitio
637 1601 747 1688 excipi.
793 1600 879 1681 Quid
888 1600 970 1665 enim

209 1702 211 1705 ’
230 1707 353 1785 Hospiti
366 1706 497 1788 hospites
508 1705 698 1791 benigniores
710 1701 801 1768 facit?

230 1810 362 1892 Impium
375 1811 436 1874 hoc
449 1809 526 1875 mihi
541 1809 731 1890 reputabatur
744 1807 775 1870 in
789 1807 892 1871 animo

228 1914 306 1978 Tale
320 1911 478 2000 negotium
491 1909 596 1991 amicis
610 1931 674 1973 non
688 1907 848 1991 explicare,

118 2052 130 2077 ο
232 2011 478 2089 Collaudantem,
492 2026 523 2076 et
536 2010 666 2092 hospitio
681 2025 852 2091 exceptum.

232 2114 308 2177 Non
324 2112 514 2198 consequeris
528 2111 693 2197 quicquam
707 2110 807 2174 minus
821 2127 850 2174 te
865 2108 1001 2196 dignum,

230 2217 342 2301 Neque
355 2216 455 2279 minus
468 2214 559 2278 fueris
569 2212 674 2278 domui
687 2213 806 2277 charus.

120 2340 123 2349 ⁴
232 2320 320 2383 Alius
335 2319 467 2383 similiter
480 2318 606 2382 venisset
616 2317 695 2381 idem
710 2330 889 2380 narraturus.

230 2418 288 2484 Sed
297 2421 364 2504 jam
377 2436 494 2499 tempus
508 2432 561 2495 est,
583 2432 617 2480 ut
632 2417 762 2500 hospites
778 2417 885 2480 diurno
899 2415 999 2478 labore
1011 2413 1143 2479 confecti

232 2523 333 2608 Longi
346 2522 467 2598 itineris,
490 2520 626 2584 fruantur·
638 2523 724 2584 rebus
737 2518 916 2585 commodis

233 2625 305 2689 Duc
320 2626 418 2707 ipsum
432 2625 465 2687 in
476 2622 588 2688 aedium
605 2622 746 2688 cubicula
760 2621 854 2687 virilia
868 2621 905 2683 ad
919 2619 1049 2699 hospites
1063 2615 1252 2699 accipiendos

317 2742 398 2806 apta,
1191 2735 1253 2802 710

236 2826 428 2913 Pedissequas
443 2825 534 2890 etiam
547 2825 651 2901 hosce,
673 2836 704 2887 et
715 2822 826 2887 itineris
838 2821 980 2893 comitem

235 2925 340 3013 Ibique
355 2943 577 3013 consequantur
591 2948 660 3012 quae
675 2924 707 2988 in
720 2923 836 2987 aedibus
849 2922 1012 2987 commoda
1026 2935 1105 2984 sunt.

236 3029 376 3093 Consulo
392 3029 444 3091 tibi
458 3028 525 3092 haec
541 3049 629 3113 agere
643 3042 786 3111 tanquam
799 3047 890 3089 eornm
905 3024 1030 3088 famulo.

238 3132 307 3196 Nos
322 3145 422 3193 autem
436 3130 540 3194 isthaec
556 3128 668 3193 aedium
683 3127 813 3191 dominis

236 3231 611 3317 communicabimusque,
624 3245 655 3294 et
667 3229 773 3293 amicis
787 3251 851 3292 non
863 3227 993 3292 destituti
1194 3245 1230 3311 71
1236 3242 1255 3311 ς

237 3331 408 3402 Consilium
422 3354 508 3415 super
520 3333 578 3396 hac
592 3331 761 3395 calamitate
777 3330 938 3412 capiemus.

493 3576 839 3644 ANAPAESTI.

178 3778 186 3795 .
241 3733 311 3811 Siet,
326 3734 425 3797 charae
439 3732 561 3797 farnulae
575 3732 697 3809 aedium,

239 3836 415 3922 Aliquando
429 3835 488 3898 oris

243 3939 349 4000 Robur
362 3936 551 4000 ostendemus
566 3956 620 4015 pro
630 3936 748 4002 Oreste.

243 4038 275 4104 Ο
290 4054 367 4102 terra
381 4037 557 4112 veneranda,
572 4050 602 4099 et
616 4035 799 4100 venerandus
814 4033 899 4096 collis

243 4139 408 4221 Sepulchri,
430 4139 482 4225 qui
496 4160 578 4202 nunc
593 4159 681 4220 super
694 4139 818 4202 navium
831 4150 978 4198 rectorem

242 4241 363 4321 Corpus
378 4237 494 4325 regium
506 4239 600 4323 jaces,

244 4339 341 4404 Nunc
355 4341 434 4418 audi,
450 4361 532 4403 nunc
546 4360 635 4420 opem
649 4335 708 4401 fer:

246 4441 342 4509 Nunc
357 4436 474 4524 tempus
487 4440 586 4521 instat,
602 4463 665 4528 quo
681 4437 777 4507 Suada
792 4435 883 4502 fallax
