2958 4938
468 262 856 337 CHOEPHORAE.
891 284 895 291 ’

240 426 288 495 Ab
300 422 404 512 aliquo
418 418 699 513 Lyciorum,‚pate'r‚

237 522 331 593 Hasta
344 546 499 609 percussus
510 523 710 600 occubuisacs,

237 629 388 716 Linquens
402 626 530 714 gloriam
544 626 576 689 in
589 624 713 703 aedibus,

238 729 475 815 Liberorumque
487 726 543 791 viis

239 830 473 897 Desiderandam
487 827 578 893 vitam
591 827 735 908 condens,

239 936 387 1019 Ampium
399 933 550 998 habuisses

240 1036 437 1120 Sepulchrum
450 1034 483 1097 in
497 1031 696 1098 transmarini·

238 1137 366 1203 AEdibns
379 1136 504 1212 elatum,

239 1240 369 1305 Amicus
382 1236 578 1317 interemicon

240 1341 306 1423 Qui
318 1342 443 1404 honeste
456 1339 516 1403 illic
532 1336 746 1412 occubuerant,

240 1442 277 1506 In
292 1457 368 1506 terra
380 1441 516 1518 decorus,

239 1541 436 1607 venerandus
447 1552 509 1617 rex,

133 1694 139 1701 .
242 1643 442 1729 Summusqnc
455 1630 663 1707 maximorum

242 1740 440 1807 Terrestrium
455 1739 495 1806 ibi
510 1760 627 1827 regum.

244 1841 315 1909 Rex
327 1841 410 1908 enirn
424 1860 488 1907 eras
502 1839 646 1928 quamdiu
658 1834 768 1914 vixisti,

242 1948 375 2012 Fatalem
389 1962 499 2011 sortem
515 1943 652 2009 obtinens

243 2048 398 2126 Manibus,
417 2046 623 2131 populumque
637 2037 809 2107 demulcens
823 2048 983 2120 sceptrum.

242 2148 354 2234 Neque
366 2149 422 2212 snb
436 2146 546 2231 Trojae

244 2250 403 2315 Moenibus
417 2249 545 2327 occisus,
559 2261 651 2330 pater,

244 2352 295 2415 Ab
309 2351 425 2415 hastato
440 2349 553 2432 populo
568 2347 645 2411 inter
658 2346 731 2410 alios

245 2454 338 2534 Apud
354 2451 525 2527 Scamandri
540 2448 687 2515 fluentum
700 2443 885 2529 sepultores.

245 2555 330 2619 Prius
344 2576 426 2631 vero,
441 2554 494 2640 qui
508 2575 579 2617 eum
593 2547 815 2625 interfecerunt,
887 2570 896 2582 ”

245 2657 373 2723 Utinam
386 2657 606 2732 occubuissent,

245 2761 291 2826 Ut
303 2760 336 2824 in
349 2759 467 2826 exitiale
481 2759 578 2851 fatum

246 2861 354 2926 Postea
366 2863 404 2927 ab
418 2861 518 2947 aliquo
533 2860 712 2947 inquirerem

246 2963 371 3029 Horum
384 2963 523 3029 laborum
536 2983 650 3046 expers.

498 3142 844 3240 nnnrAEsrr.

26 3304 28 3363 i
101 3324 193 3373 cnon.
227 3302 329 3371 ²Haec
344 3303 476 3392 quidem,
497 3272 620 3382 Onam,
634 3323 707 3367 auro
720 3298 849 3395 potiora,
946 3366 949 3372 ,
1206 3300 1270 3372 370

99 3536 222 3599 obierunt.
266 3534 322 3597 Sed
340 3553 401 3606 rex,
421 3553 582 3609 cumesses
598 3532 695 3610 plcnm
709 3521 908 3603 veneraqimis,
932 3518 1026 3582 cultor
1042 3515 1272 3600 velsbmiiiaris,

26 3648 27 3667 i
100 3631 269 3693 maximorum
291 3628 452 3711 principum
473 3629 532 3708 ejus
559 3629 680 3709 regionis
698 3624 749 3706 qni
768 3640 838 3684 terra
861 3632 1008 3698 teguntur,
1036 3633 1085 3673 rex
1111 3613 1189 3675 enim
1210 3631 1271 3672 eras

26 3678 28 3795 i
101 3729 156 3789 dun
165 3726 278 3788 vivebas
290 3727 420 3787 obtinens
432 3726 560 3787 manibus
580 3737 683 3785 sortem
702 3722 825 3786 fatalem,
845 3730 874 3777 et
892 3713 995 3774 habens
1014 3708 1045 3771 in
1058 3726 1141 3771 manu
1153 3722 1272 3788 erpotes·

26 3854 28 3883 ι
101 3836 199 3882 rnetua
218 3819 267 3897 jos
288 3819 354 3880 vitae
373 3834 404 3879 et
424 3819 500 3880 necis
513 3816 547 3878 in
568 3818 703 3883 subditos,
721 3827 750 3876 et
769 3809 899 3872 obtinens
911 3807 1057 3874 baculum,
1072 3818 1199 3882 scepnnm
1212 3820 1273 3880 quo

26 3962 27 3985 ;
100 3915 196 3996 regebas
210 3911 352 3984 bominem
372 3927 413 3984 et,
430 3931 497 3974 cnm
514 3926 643 3972 mortuus
665 3929 723 3969 non
747 3906 793 3982 sis,
813 3919 902 3984 pater,
922 3901 972 3961 sub
985 3896 1123 3959 moenibus
1140 3894 1273 3972 Trojaea

100 4012 190 4091 populo
208 4021 320 4083 arnutn
336 4007 413 4069 inter
431 4007 502 4067 alios
520 4005 557 4066 ad
576 4004 709 4068 fluentum
721 3998 881 4062 Scamandri
899 3995 1023 4071 sepultus
1039 4009 1097 4052 non
1109 4007 1151 4059 ea,
1170 3994 1272 4050 urinam

96 4108 195 4171 occisus
207 4124 280 4166 esses
293 4102 488 4183 potiusquam
501 4115 540 4162 ut
556 4115 584 4160 te
606 4098 771 4161 occiderem
783 4113 869 4161 nnnc,
888 4092 1004 4171 quomodo
1016 4109 1082 4146 nunc
1100 4087 1212 4161 accidia,
1230 4089 1274 4159 ira

100 4197 361 4272 naudiretabqnis.
380 4221 417 4261 sc.
437 4222 483 4279 ego
500 4211 530 4257 er.
544 4200 598 4269 mea
603 4199 725 4276 fratres,
744 4210 762 4253 c
779 4188 947 4268 longinquo,
967 4181 1058 4248 fatum
1077 4194 1154 4255 tuum
1171 4175 1274 4255 lechale

26 4320 27 4359 1
102 4318 182 4380 espen
195 4299 300 4359 borum
312 4296 457 4357 numum.
728 4348 733 4357 ,

26 4420 28 4491 ἶ
115 4420 219 4482 ‘'MS.
237 4418 268 4476 0
292 4414 363 4485 aba,
380 4416 439 4476 naee
461 4412 577 4495 quidem
597 4428 665 4479 auro
685 4418 750 4469 sunt
760 4403 884 4486 potiora,
902 4414 932 4461 et
951 4390 1075 4472 loqueris
1096 4414 1140 4457 rea
1158 4392 1276 4471 majores

26 4544 28 4607 p
104 4532 187 4597 mgna
200 4513 324 4581 fortuna,
344 4523 374 4572 et
394 4529 456 4591 que
477 4509 550 4571 ultra
571 4501 773 4588 Hyperboreos
796 4495 917 4559 secundo
941 4507 1025 4554 venio
1046 4492 1275 4555 deferansecm·

26 4610 28 4665 i
686 4619 708 4670 ι,
727 4623 747 4670 2
