2958 4938
583 282 1009 363 ,cuoEPHORm

568 484 1025 601 Aurtsrrtopu'u.

205 701 318 752 unser.
354 679 467 765 'Audi
483 684 515 749 Ο
531 700 622 767 pater,
637 684 780 766 pervices
823 732 827 745 ‚
853 738 858 749 .

379 786 517 849 Multum
530 785 756 874 lachrymabiles
769 786 898 853 dolores.

379 886 522 952 Duorum
533 886 694 952 liberorum
704 886 877 954 lamentatio

376 990 427 1053 Ad
441 988 557 1054 inferias
570 988 748 1075 ingemiscit.

377 1091 504 1156 Bustum
518 1111 589 1154 vero
601 1105 632 1154 et
644 1090 790 1172 supplices
800 1088 923 1172 excipit,

375 1190 547 1277 Paritouque
559 1190 670 1254 exules.

380 1290 466 1371 Quid
476 1292 586 1356 horum
601 1289 694 1355 bene?
716 1290 789 1377 quid
802 1291 866 1355 sine
878 1288 980 1354 malis?

378 1393 455 1461 Non
468 1392 580 1457 iuvi&
594 1407 637 1456 est
649 1391 802 1459 calamitas
817 1409 923 1458 nostro.

628 1596 968 1674 ANAPAESTI.

208 1773 319 1823 citou.
356 1761 370 1800 ⁰
382 1756 498 1818 Verum
511 1751 610 1815 adhuc
624 1774 664 1817 ex
677 1752 759 1816 hisce
772 1753 843 1817 deus
858 1754 979 1819 oracula
992 1753 1044 1842 qui
1059 1751 1150 1831 dedit,
1175 1747 1289 1837 Apollo,

378 1855 479 1919 Faciat
489 1875 580 1917 sonos
590 1853 799 1936 jucundiorem

377 1956 499 2020 Etloco
513 1953 682 2040 gemituum
695 1953 937 2041 mpulchrulium,
1334 1965 1397 2042 340

347 2095 351 2103 ·
377 2057 469 2121 Paeau
484 2055 597 2119 aedibus
610 2053 698 2142 regiis

378 2155 526 2223 Amicum
538 2155 784 2222 recens-ascitum
797 2155 938 2231 restituat.

540 2360 1059 2454 mouosuuouurcs,
1179 2341 1181 2343 ’

203 2542 317 2592 turer.
354 2515 409 2586 'Si
423 2517 573 2591 euimsub
586 2517 645 2586 Ilio

246 2744 258 2778 ⁸
276 2741 340 2806 MS.
360 2741 486 2821 Opater,
498 2737 564 2798 audi
577 2734 710 2815 pervices
721 2734 842 2817 gemitus
851 2735 973 2796 multum
985 2732 1213 2816 lachrymabilesz
1233 2732 1400 2800 lamentatio

207 2837 322 2921 gemina
343 2832 462 2894 duorum
481 2831 634 2893 liberorum
657 2845 769 2892 tuorum
791 2830 910 2911 suspirat
928 2827 966 2888 sd
986 2828 1099 2890 iuferius
1120 2847 1182 2907 quoe
1194 2849 1275 2909 super
1288 2830 1400 2891 tumulo

207 2948 259 2994 tuo
271 2929 436 2990 funduntur:
458 2926 634 3001 sepulchrum
647 2930 738 2986 autem
751 2938 828 2986 tuum
842 2943 919 2984 nunc
932 2937 962 2982 et
974 2922 1112 3004 supplicet
1125 2939 1154 2983 et
1166 2926 1264 2987 exules
1277 2926 1400 3007 excipit.

205 3025 284 3106 Qid
293 3023 388 3082 horum
401 3020 474 3081 bene
487 3019 587 3079 habeti
607 3018 676 3099 quid
686 3020 785 3079 horum
793 3032 872 3081 curet
886 3018 978 3079 mulo?
1012 3017 1163 3082 Calauius
1174 3036 1269 3081 nostra
1282 3042 1346 3083 uou
1359 3033 1401 3082 est

205 3118 380 3200 imperfecta,
393 3113 443 3178 ned
452 3112 542 3177 modis
555 3111 813 3195 omuibusiutegrs.

207 3270 212 3277 ·
246 3252 259 3283 ⁹
277 3242 344 3301 MS.
363 3240 472 3300 Verum
492 3239 626 3298 hacteuus
646 3250 752 3305 umen,
771 3236 856 3297 etium
868 3235 900 3296 iu
913 3236 967 3297 isto
979 3257 1071 3299 serum
1083 3253 1166 3321 statu,
1186 3240 1268 3303 Deus
1286 3244 1400 3314 volens.

207 3343 232 3399 st'
253 3335 371 3403 volucrit,
391 3333 487 3402 faciat,
510 3335 615 3413 efficiat,
636 3351 718 3391 sonos
731 3330 909 3398 amoeuiores
928 3333 1001 3394 Deus
1018 3338 1043 3396 si
1068 3337 1142 3396 volet
1165 3335 1261 3396 luctum
1283 3356 1401 3405 nostrum

206 3448 296 3494 vertet
308 3437 337 3490 in
345 3433 484 3510 gaudium,
496 3443 525 3487 et
536 3428 600 3490 loco
607 3426 771 3508 gemituum,
787 3428 999 3490 lamentationum
1010 3429 1237 3505 sepulchralium‚
1250 3432 1402 3497 canticum

208 3526 314 3608 gaudii,
332 3524 452 3584 amicum
466 3524 583 3585 Orestem
595 3542 692 3582 recens
704 3521 833 3597 mutum,
852 3526 898 3602 qui
909 3544 995 3585 rectus
1011 3529 1119 3586 miscuit
1137 3526 1221 3595 nobis,
1242 3532 1290 3607 qui
1311 3551 1401 3597 recens

207 3631 292 3693 uenit,
310 3623 412 3683 reseret
424 3619 455 3680 iu
467 3622 570 3701 regiam
581 3619 707 3683 domum.

206 3744 210 3751 ’
252 3757 259 3783 ¹
279 3748 344 3808 MS.
365 3745 495 3814 Utinam,
519 3746 547 3804 O
566 3760 655 3825 pater,
670 3743 780 3805 occisus
801 3744 898 3806 fuisset
919 3744 969 3804 sub
992 3745 1058 3819 Ilio,
1078 3751 1120 3806 ad
1130 3747 1221 3815 Ilium,
1240 3751 1278 3808 ab
1302 3752 1404 3833 aliquo

210 3842 362 3924 Lyciorum
386 3844 463 3901 hasta
488 3858 644 3920 percussus,
665 3855 695 3901 tu
718 3839 858 3900 obtineres
881 3841 1017 3899 tumulum
1039 3841 1124 3900 multa
1147 3857 1220 3901 terra
1241 3865 1403 3925 aggestum,

212 3937 352 4007 domibus,
371 3933 462 3998 liberis
480 3941 534 3994 tois
560 3934 642 3995 focile
665 3933 849 4009 tolerabilem,
879 3932 985 4013 quippe
1007 3935 1056 4006 qui
1082 3936 1239 4008 reliquisses
1266 3960 1403 4021 maguam

212 4031 335 4110 gloriam
356 4029 386 4090 in
407 4027 511 4089 aedibus
530 4041 559 4085 et
579 4025 628 4107 qui
648 4026 843 4096 concessisses,
860 4030 983 4107 piisimo
1007 4028 1145 4103 saeculum‚
1165 4035 1268 4096 vitan,
1289 4030 1403 4095 beatum

213 4125 387 4184 aemulatione
405 4123 529 4205 dignum,
550 4122 588 4181 ita
607 4136 639 4181 ut
656 4142 752 4184 omnes
771 4137 968 4181 converterent
986 4122 1023 4179 ad
1042 4122 1140 4195 itinera
1152 4122 1317 4195 liberorum,
1336 4129 1364 4190 h.
1379 4154 1404 4192 ι.

211 4217 359 4300 reliquisses
378 4222 477 4277 domm
490 4215 604 4292 beatam,
623 4220 686 4277 adeo
699 4233 727 4275 ut
739 4221 834 4296 quoties
847 4220 889 4285 titi
901 4218 970 4275 domo
979 4219 1124 4301 prodierint
1136 4222 1165 4274 in
1170 4217 1305 4295 publicum
1319 4246 1405 4286 omnes

212 4316 252 4370 od
262 4310 320 4370 illos
339 4315 485 4387 spectandos
505 4311 602 4371 oculum
618 4326 762 4372 verterent.
802 4308 930 4369 Exitibus
949 4309 1108 4385 liberorum,
1128 4310 1278 4371 exeuntibus
1297 4315 1404 4387 liberis,

210 4424 289 4478 torrae
302 4408 491 4466 transmarinus
507 4405 612 4468 amicus
625 4404 749 4468 eminens
762 4406 812 4465 sub
827 4420 911 4475 terra,
925 4404 997 4476 inter
1007 4405 1112 4482 amicos
1124 4406 1174 4480 qui
1186 4407 1298 4469 honesta
1311 4429 1404 4479 morte
