2992 4942
207 375 349 446 NOTAE
369 376 511 445 VARR.
535 375 594 446 ΕΤ
614 374 817 457 BUTLERI
841 375 1129 446 PHILOLOGG.
1207 386 1266 447 141

116 545 148 612 γ.
166 535 221 602 65.
245 550 366 600 slent.
407 532 622 605 ‘constructio
645 550 706 616 est,
727 543 796 618 φόοος
816 547 930 615 utrm.»
953 539 998 607 ὅοο
1020 541 1095 610 strar
1125 535 1175 602 vel
1201 541 1271 608 sirm

74 623 150 702 οἷοοοο,
185 630 203 687 ὖ
240 625 375 708 battitiis,
418 620 525 688 Coedcc
553 624 600 688 ito
634 622 766 710 depacto
797 635 840 688 cst
862 633 898 687 ut
920 623 1089 690 vindictum
1111 624 1271 689 certissime

72 709 116 773 sit
137 709 338 787 accersitum,
360 730 422 772 non
445 709 492 774 ito
515 721 551 774 ut
576 708 713 797 diffluere
737 720 768 774 ct
793 708 911 774 aboleri
934 710 1039 794 possit.
1092 714 1175 779 'cirac
1204 717 1271 791 clm

74 797 194 860 eadem
227 796 478 860 constructionis
513 794 618 861 forma
649 796 781 884 ponitur
806 819 845 861 ac
869 802 984 859 οοοοοόοοοο
1010 805 1089 874 robus
1113 819 1209 884 supro
1237 798 1272 862 in

71 885 196 970 Agam.
222 894 252 958 t.
270 888 363 946 tuos.
385 895 419 945 et
439 885 550 962 scripu
571 888 678 961 simus
694 884 780 970 opud
803 882 957 982 Sophocl.
973 880 1126 946 Trachin.
1150 894 1181 949 rt.
1196 884 1270 948 563.

73 969 233 1033 Hense.
280 967 365 1033 Haec
390 968 538 1056 populari
561 971 701 1055 quodum
719 970 947 1056 superstitione
964 968 1173 1056 intelligenda
1187 985 1273 1050 sunt,

71 1056 116 1119 ed
140 1068 284 1122 nostram
308 1055 406 1118 etiam
429 1070 559 1120 aetatem
582 1071 772 1145 propagato,
795 1078 866 1142 quae
882 1056 1042 1121 maculam
1057 1076 1100 1119 ex
1116 1056 1274 1144 sangnine

72 1142 221 1206 hominis
253 1139 373 1225 injuste
405 1142 480 1206 coesi
507 1142 541 1205 in
571 1156 690 1208 terram
716 1142 830 1221 effuso,
867 1163 994 1230 semper
1023 1162 1166 1220 manere,
1210 1164 1273 1208 nec

70 1227 139 1293 elui
165 1249 262 1315 posse
284 1229 440 1314 tingebat.
486 1228 650 1293 Scnonz.
1101 1266 1104 1273 ·
1313 1292 1317 1296 .

99 1324 149 1405 ul·
168 1315 223 1379 66.
247 1331 424 1379 ortonnes.
468 1314 524 1379 Sic
545 1313 677 1396 Terent,
701 1314 835 1402 differre.
876 1315 926 1380 Is.
945 1314 1111 1382 Custos.
1154 1325 1274 1400 Δοοφίςοο

71 1407 156 1485 egisti
178 1400 376 1464 Grsecismus
399 1413 449 1465 est
473 1402 523 1466 cle
548 1424 615 1481 ons,
638 1401 741 1467 laniat
754 1411 791 1466 ut
804 1411 932 1468 scateat.
958 1402 1083 1467 Pnuw.
1130 1402 1274 1467 Pessime

72 1487 188 1552 Schol.
207 1509 346 1574 eumque
364 1502 492 1552 secutus
515 1423 626 1553 laun.
643 1493 751 1573 bactro
764 1489 992 1576 interpretatur
1004 1492 1274 1575 pertimescimus.

74 1574 157 1639 Hoc
173 1574 208 1638 in
223 1573 298 1638 loco
315 1574 498 1660 significare
514 1574 642 1640 videtur
645 1577 769 1663 joctcst¹
782 1576 896 1664 agitat.
943 1575 1099 1643 Henna.

122 1672 158 1737 y.
179 1662 409 1739 69.01rou'r1,
430 1691 457 1725 ο.
471 1690 499 1725 ο.
514 1682 541 1726 s.
600 1661 686 1727 Siout
708 1662 926 1751 expugnatori·
939 1660 1142 1748 virginalium
1172 1659 1276 1726 tiolo·

71 1768 197 1811 morum
231 1745 355 1811 nullum
389 1747 486 1810 datur
524 1749 692 1813 remedium
727 1770 788 1835 quo
828 1748 929 1813 lesum
967 1747 1058 1812 semel
1092 1745 1276 1835 pudicitiam

72 1855 229 1920 reparare
256 1834 365 1918 possit,
394 1834 484 1898 sicci
512 1856 613 1900 ornum
641 1857 678 1900 cc
704 1855 767 1899 urso
794 1833 892 1924 fonte
920 1833 1117 1918 corfiucrmt,
1146 1833 1189 1899 od
1218 1832 1277 1897 ob-

73 1917 224 1985 lumdum
247 1921 302 2006 qui
327 1941 437 1983 monus
461 1921 597 1986 occisoris
613 1920 731 2008 polluit
753 1923 934 2010 sanguinem
946 1919 1075 2008 frustro
1087 1922 1181 1986 irent.
1227 1919 1276 1985 Ut

72 2006 108 2070 h.
131 2008 153 2070 l.
176 2012 286 2091 οοοοφοοὲο
309 2009 396 2070 ttbma
418 2006 460 2070 de
479 2013 620 2092 σοςθοοῦοο
644 2023 826 2095 usurpatur,
856 2010 903 2074 sic
928 2006 1039 2072 eadem
1065 2004 1276 2095 Septimo.

70 2105 105 2170 7.
122 2092 202 2160 466.
226 2093 419 2157 dicebantur
442 2099 543 2157 ronti.
568 2098 668 2174 tibica,
698 2107 733 2159 et
757 2107 794 2159 ut
819 2095 867 2161 ibi
897 2100 997 2176 ἰοθοςοῖο
1026 2094 1073 2159 sic
1100 2093 1131 2160 b.
1146 2092 1168 2158 l.
1190 2096 1275 2169 οἵγοοο.

74 2181 211 2267 Nempe
234 2180 389 2266 qnoniam
413 2202 455 2247 ex
483 2202 574 2244 more
600 2181 794 2248 Graecorum
816 2181 940 2247 nemini
954 2180 1099 2246 masculo
1116 2180 1278 2266 virginum

6 2306 8 2335 ο
73 2266 249 2332 conclavia
271 2267 510 2347 inireticebat,
541 2268 587 2332 sic
611 2268 735 2334 nullum
760 2282 831 2334 erat
855 2269 1003 2347 dubium,
1025 2267 1052 2333 si
1072 2267 1145 2354 quis
1168 2267 1200 2331 si
1222 2282 1279 2331 aut

71 2354 263 2419 clanculum
301 2354 477 2441 irrupisset,
517 2356 595 2440 quin
625 2356 662 2420 id
703 2355 914 2444 expugnandi
958 2354 1122 2442 virginum
1151 2353 1279 2418 decoris

6 2502 7 2509 ,
72 2463 177 2506 consa
201 2439 342 2505 fecisset.
403 2440 520 2526 ltaque
552 2445 625 2518 οἵγοοο
660 2445 772 2523 copponis
801 2445 891 2506 illue
914 2454 964 2506 est
989 2440 1185 2506 antecedens
1218 2461 1278 2527 pro

76 2539 303 2612 consequente
327 2526 480 2613 positum.
500 2527 594 2599 sQui
616 2542 737 2607 nutem,
759 2541 796 2592 ut
818 2528 928 2593 Schol.
948 2540 1071 2676 etpost
1085 2544 1160 2592 eum
1174 2523 1281 2601 Stsnl.

71 2614 109 2679 in
135 2615 284 2679 versione
309 2613 398 2689 fecit,
421 2613 532 2693 οομφοοὰ
553 2618 641 2677 illum
655 2615 696 2679 de
709 2622 838 2699 murtp
851 2618 935 2697 αἰδοίῳ
950 2636 977 2680 s.
1007 2613 1066 2678 ocis
1080 2611 1281 2678 muliebribus

76 2702 261 2789 occipiunt,
284 2700 306 2764 ii
331 2722 460 2787 prorsus
474 2702 646 2765 absurdam
660 2702 834 2765 verborum
851 2699 1103 2766 obscoenimtem
1119 2697 1279 2786 AEscbylo

75 2789 277 2867 obtendunt,
309 2809 329 2850 a
354 2808 544 2872 summeque
571 2788 642 2874 ejus
667 2789 703 2852 in
726 2788 833 2852 verbis
859 2785 1040 2874 deligendis
1066 2785 1279 2853 castitatem
1360 2865 1363 2872 Ι

75 2875 278 2955 verecundia
298 2873 435 2938 nimium
459 2888 617 2959 quantum
643 2875 831 2940 abhorrent.
884 2872 1056 2938 Caeterum-
1077 2871 1280 2938 constructio

76 2964 256 3026 verborum
281 2961 377 3024 unice
397 2981 472 3023 vera
499 2960 570 3026 haec
595 2976 663 3042 est3
696 2963 738 3025 irs
763 2965 811 3029 tm
835 2963 894 3034 ἔοοιος
920 2963 1039 3038 supersit
1065 2961 1163 3023 tirrici
1188 2961 1279 3035 οἴγοντο

74 3048 150 3113 scil.
172 3055 255 3112 atri.
281 3047 446 3112 Scuunz.
490 3046 537 3111 Ut
560 3069 622 3113 nec
649 3047 817 3135 uirginitas
836 3060 1010 3135 corruptis,
1033 3050 1138 3132 nsque
1153 3042 1292 3129 facilius

77 3135 259 3200 homicide
276 3134 399 3223 puritas
415 3133 507 3197 reddi
524 3134 637 3220 possit.
682 3133 739 3199 lo.
756 3132 938 3198 Montes.
1055 3165 1060 3174 ,

123 3233 156 3298 t.
172 3229 224 3290 70.
250 3234 360 3284 norm
383 3237 428 3284 rr,
450 3235 613 3286 usurus.
665 3219 729 3284 Cui
752 3242 819 3286 non
834 3217 943 3286 statim
971 3217 1113 3284 occurrit
1127 3216 1280 3284 nostratis

79 3307 233 3395 AEschyli
255 3306 357 3385 locus,
381 3304 542 3371 Mocbetb.
562 3306 610 3372 ΙΙ.
630 3318 658 3372 l.
799 3304 801 3309 ’

215 3440 291 3506 Will
311 3439 358 3505 ull
377 3449 468 3528 great
495 3436 660 3524 Neptuuc’s
682 3436 777 3504 occurs
798 3437 881 3504 urst
902 3436 963 3501 tisis
985 3433 1080 3501 blood

216 3525 316 3600 Cleon
326 3526 419 3616 from
440 3548 492 3612 my
514 3525 625 3589 sanct
650 3547 704 3604 no,
726 3524 785 3589 tbic
805 3548 859 3612 my
881 3521 968 3593 band
988 3520 1054 3588 roill
1073 3517 1181 3586 rotbec

216 3613 281 3688 Tite
302 3611 542 3679 multitudinum
561 3633 612 3677 seo
633 3610 852 3677 incoruordiue

214 3699 354 3788 Molciug
377 3698 428 3766 tte
446 3721 542 3787 green
564 3721 620 3764 ons
644 3699 796 3764 red-

72 3833 124 3900 Et
149 3854 256 3898 rursus
280 3832 314 3897 in
334 3853 432 3897 scena
453 3830 668 3911 nobilissime,
698 3830 775 3896 Act.
792 3829 834 3895 V.
852 3837 890 3921 1.

159 4034 165 4046 Ι
215 3945 325 4012 Herc's
347 3946 399 4011 tle
419 3939 506 4045 smcll
526 3945 569 4047 of
584 3945 676 4011 blood
694 3944 777 4011 still:
802 3943 847 4010 oll
864 3943 915 4008 tlte
929 3941 1084 4031 perlumes
1105 3940 1281 4029 ofArobio
1339 4008 1341 4011 ,

121 4031 193 4100 mill
212 4044 267 4099 not
288 4044 415 4099 rmeetcn
435 4032 495 4099 tim
516 4030 598 4098 little
620 4031 714 4101 lond.
802 4031 836 4097 S.
855 4030 1024 4096 Burnus.

122 4180 155 4248 γ.
171 4174 226 4249 79.
249 4180 393 4230 Asuero
415 4171 449 4230 n'
464 4171 519 4227 ‘ro’
534 4177 719 4229 ntnnrnu.
766 4158 817 4226 Ex
840 4180 932 4226 more
947 4160 1017 4226 scil.
1033 4181 1099 4247 quo
1114 4157 1280 4249 plorantes

79 4255 235 4322 velabant
266 4252 397 4337 capltn3
443 4249 509 4318 vid,
545 4249 664 4314 multos
704 4248 888 4337 philologos
926 4247 968 4312 ad
1009 4247 1118 4315 Marc.
1133 4247 1200 4313 xiv.
1226 4256 1281 4319 72.

79 4343 220 4410 isocrat.
240 4336 377 4426 Trapez.
398 4359 431 4426 p.
447 4343 523 4407 714.
547 4337 752 4415 Ιγιιωλνψαίμυος
777 4339 871 4412 lubuit,
901 4337 946 4396 ucri
974 4338 1053 4411 impu
1078 4343 1108 4407 ὣς
1134 4335 1280 4412 ἤναγκᾶσθη

79 4433 110 4494 δ’
130 4433 242 4509 truisi
261 4430 355 4509 ἵξοςοος
375 4428 499 4502 perlatas.
536 4419 732 4487 Asnnscu.
788 4420 865 4487 Non
889 4419 992 4486 solum
1020 4441 1064 4484 ex
1094 4440 1185 4486 more
1214 4442 1281 4508 quo

78 4517 246 4607 plorantes
268 4509 555 4601 euphemianum,
577 4510 633 4577 sed
648 4507 753 4598 magis
768 4508 867 4575 etiam
882 4506 1031 4588 consilio,
1052 4527 1095 4572 ne
1111 4505 1281 4595 prodendo
