2992 4942
215 330 362 400 NOTAE
384 326 525 423 VARR,
548 328 605 400 ΕΤ
625 328 827 400 BUTLERI
852 327 1141 399 PHILOLOGG.
1202 326 1266 399 167

76 492 108 554 el*
123 488 205 553 atrio
228 490 406 555 oberrabat
429 482 599 578 neglectas
632 488 797 555 Praecedit
820 490 954 560 dorsalia»
979 492 1080 566 ἄτιμος,
1112 487 1164 549 aar
1189 489 1264 561 ἀξία.

16 610 18 619 2
76 575 112 640 ld
140 575 279 663 pulchre
316 598 392 641 cum
421 576 472 640 his
510 576 685 665 conspirat.
744 576 854 648 Quare
886 577 1004 663 ineptit
1042 576 1092 639 vir
1120 572 1265 638 eruditus

77 661 264 747 [Stanleius]
300 664 356 749 qui
389 663 501 728 haecce
527 685 593 728 non
624 663 816 750 intelligens,
850 663 1041 727 sententiam
1072 660 1267 747 corrigendo

75 750 131 814 sibi
161 752 281 836 quaerit
311 750 518 815 contrariam.
553 750 677 816 Pnuw.
736 748 827 813 Nihil
855 749 963 814 attulit
993 746 1152 813 Stanleius
1179 747 1266 832 quod

75 836 113 900 ad
141 857 209 900 rem
242 836 380 902 faceret.
447 836 576 925 Nempe
614 835 808 924 AEschylns,
824 849 858 899 ct
886 834 1067 924 Sophocles
1105 832 1267 898 Electram

74 921 243 1010 linguata
267 938 372 988 matre
396 923 529 1008 quidem
555 923 758 1012 negligenter
784 924 818 986 el
837 922 978 1010 maligne
995 933 1178 998 tractatam,
1200 942 1267 984 uon

75 1023 190 1089 autem,
223 1021 262 1075 ut
294 1009 475 1097 Euripides,
501 1010 600 1075 domo
627 1032 756 1098 prorsus
785 1008 925 1095 ejectam
949 1031 991 1073 ne
1016 1030 1057 1072 ue
1080 1007 1115 1070 in
1138 1005 1268 1071 vincula

76 1094 272 1181 conjectam.
335 1096 580 1184 Chrysothemis
604 1111 731 1161 tantum
758 1096 843 1182 apud
871 1094 972 1182 Soph.
1031 1094 1121 1160 lectr.
1142 1103 1173 1168 r.
1192 1102 1268 1160 38].

77 1180 211 1248 Electrae
233 1183 392 1263 minatur,
414 1184 441 1247 si
465 1197 581 1271 pergat
595 1183 695 1249 libere
711 1182 892 1262 vociferari,
917 1183 986 1246 fore
1002 1195 1038 1244 ut
1054 1182 1087 1244 in
1102 1200 1267 1244 carcerem

76 1268 283 1354 conjiciatur,
306 1270 361 1335 ubi
377 1292 419 1334 ne
434 1270 508 1334 solis
524 1271 655 1356 quidem
672 1270 780 1334 lumen
798 1269 901 1335 visura
913 1270 966 1333 sit.
1009 1272 1093 1349 Μόχυ
1107 1268 1136 1328 l'
1150 1269 1271 1349 ἄφιςκτος

76 1355 179 1441 itaque
202 1357 252 1421 sic
270 1357 484 1443 interpretor:
508 1357 664 1429 Queritur
680 1355 809 1423 Electra
823 1379 856 1421 se
872 1359 913 1421 ab
928 1354 1134 1420 interioribus
1148 1352 1271 1419 aedium

76 1442 287 1508 conclavibus
320 1465 361 1508 ex
398 1443 479 1508 cella
508 1445 674 1531 penuaria,
714 1443 815 1508 arceri
852 1442 951 1530 atque
983 1439 1126 1517 excludi,
1160 1440 1270 1504 noxiae

78 1530 162 1593 canis
193 1531 310 1594 instar.
368 1536 498 1593 narsete
527 1536 594 1602 xvia
623 1553 680 1618 per
712 1551 747 1594 se
776 1529 908 1615 quidem
938 1528 1028 1595 canis
1064 1526 1188 1591 rabiem
1220 1525 1269 1591 vel
1349 1560 1352 1567 ·

77 1616 326 1681 mordacitatem
339 1617 508 1704 designare
524 1633 652 1705 posset3
675 1616 709 1682 h.
724 1616 745 1681 l.
762 1629 871 1681 tamen
886 1615 993 1704 aptius
1009 1627 1058 1678 est
1062 1613 1274 1701 furacitatem

80 1702 163 1767 canis
195 1703 391 1792 intelligere,
433 1726 506 1789 qnae
546 1727 643 1779 causa
671 1716 720 1768 est
751 1725 809 1767 cur
839 1724 922 1791 saepe
951 1700 1067 1767 culinis
1096 1712 1154 1763 aut
1183 1699 1272 1765 cellis

80 1790 239 1873 penuariis
273 1789 338 1855 hoc
361 1811 462 1875 genus
492 1791 679 1856 animalium
710 1788 870 1876 ejiciatur.
904 1790 1068 1854 Scnurz.
1117 1785 1270 1851 Hoccine

81 1894 152 1939 vero
175 1875 350 1942 ferendum
374 1877 408 1941 in
431 1875 582 1965 Tragion,
605 1892 640 1942 ut
656 1891 812 1963 queratur
826 1876 955 1942 Electra
969 1872 1049 1940 cella
1064 1894 1100 1937 se
1116 1874 1272 1960 penuaria

82 1961 255 2029 exclusam.
313 1963 397 2036 Quis
422 1961 519 2028 ferret
549 1964 711 2031 Electram
742 1963 882 2050 Anglioe
937 1974 1113 2038 uerentem,
1147 1964 1169 1998 “
1187 1958 1280 2048 They

81 2048 189 2112 turned
221 2072 281 2131 me,
312 2050 375 2114 tite
403 2073 423 2114 a
456 2051 647 2117 miscdieoous
669 2072 735 2129 cur,
765 2059 819 2113 out
844 1986 952 2136 ostie
968 2045 1114 2137 pnntry?
1159 2046 1274 2134 Longe

82 2132 139 2198 alia
152 2150 201 2201 est
213 2160 308 2203 mens
320 2136 416 2201 hu'us
426 2136 501 2218 loci,
516 2153 550 2203 et
562 2138 603 2202 ad
615 2136 766 2202 cothurni
778 2136 970 2224 dignitatern
984 2134 1276 2200 accommodatior.

16 2230 17 2243 ¹
83 2216 234 2292 Queritur
259 2222 329 2289 scil.
357 2158 487 2288 ldlectra
513 2245 546 2288 se
568 2246 633 2289 non
649 2247 669 2289 a
683 2223 765 2288 cella
779 2225 935 2311 penuaria
950 2223 1006 2288 sed
1022 2245 1041 2286 a
1056 2220 1278 2308 penetralibus

16 2303 18 2342 ³
84 2305 280 2390 domesticis,
313 2308 444 2392 laribus,
481 2298 647 2377 sacrificiis
680 2310 835 2396 omnique
870 2312 953 2376 adeo
982 2326 1127 2397 paternae
1159 2307 1282 2373 domus
1314 2312 1322 2325 ⁴

17 2458 18 2471 j
83 2394 236 2462 societate
259 2410 294 2465 et
317 2396 433 2461 solatio
457 2411 610 2484 tanquam
627 2418 754 2476 canem,
777 2419 833 2461 seu
848 2398 985 2462 noxium
1001 2409 1034 2459 et
1050 2410 1285 2480 contemptum

85 2481 209 2563 animal,
236 2484 404 2548 exclusam
434 2506 513 2561 esse,
551 2499 586 2548 ut
611 2482 694 2550 forte
724 2505 785 2547 nec
822 2484 999 2548 thalamum
1029 2502 1091 2545 nec
1120 2482 1279 2546 conclave

16 2564 17 2657 f
84 2584 240 2634 secretum
266 2571 410 2650 haberet,
444 2570 500 2634 sed
522 2568 557 2633 in
583 2570 698 2656 quovis
721 2569 841 2658 angulo
863 2570 1004 2634 libenter
1024 2589 1057 2631 se
1082 2565 1218 2631 abderet
1232 2583 1277 2634 ‘ut
1330 2630 1335 2639 ,

16 2662 17 2665 ’
84 2653 180 2720 tacita
200 2658 308 2731 fleret.
353 2656 387 2721 S.
406 2655 574 2722 Burnus.

123 2753 151 2816 r.
167 2745 247 2809 446.
271 2756 503 2809 sacratorum
524 2756 698 2821 renatos,
724 2773 751 2807 τ.
769 2772 795 2807 κ.
810 2761 836 2804 a.
881 2740 992 2807 Multo
1022 2739 1205 2826 promptior
1234 2740 1281 2806 ad'
1369 2822 1372 2826 Α

86 2824 226 2894 flendum
252 2852 339 2896 eram
362 2852 459 2916 qnam
483 2829 725 2907 adridendum,
748 2844 781 2893 et
802 2829 905 2892 sicubi
933 2827 1063 2892 occulto
1082 2827 1157 2890 llere
1174 2828 1277 2912 potui,

86 2910 159 2979 illud
184 2918 266 2982 mihi
290 2917 323 2981 in
345 2916 435 2981 lucro
460 2931 540 2993 erat,
572 2931 606 2980 et
629 2916 720 3002 quasi
745 2915 898 3002 gaudium
920 2910 1085 2978 afferebat.
1131 2912 1281 2978 Perhene

86 2994 249 3090 Interpres
270 3002 394 3083 Gallus,
420 3001 501 3068 Mon
525 3002 661 3069 bonhem
675 3001 738 3090 fra
753 3001 797 3065 de
821 3002 927 3067 sacher
949 3022 1009 3065 roes
1023 2996 1158 3085 sospites
1173 3010 1203 3063 et
1218 3022 1281 3065 mes

89 3081 225 3154 tarmes·
251 3089 285 3155 S.
302 3090 470 3154 Burnus.

127 3185 251 3250 amu
282 3192 535 3241 rrnrsrrarun
561 3190 697 3252 uranu,
732 3192 842 3239 aaa.
906 3170 1082 3237 Sermonem
1119 3192 1191 3237 vero
1218 3195 1281 3260 per

88 3276 171 3325 aures
193 3274 353 3349 acceptam
376 3261 479 3326 sedato
505 3262 603 3327 animi
629 3282 733 3350 gressu
756 3258 885 3348 perfora
911 3283 947 3324 ac
969 3258 1139 3344 pertunde:
1170 3259 1203 3325 id
1230 3276 1280 3326 est

89 3347 185 3412 animo
206 3349 311 3415 sedato
334 3348 499 3427 comideru,
531 3368 567 3413 ut
593 3347 680 3437 quod
708 3346 851 3412 facturus
873 3347 915 3410 sis
940 3345 1041 3411 facias
1063 3347 1173 3410 animo
1197 3347 1280 3413 bene

91 3450 281 3521 praeparato.
326 3436 489 3523 interpres
516 3457 581 3499 non
611 3433 791 3499 intellexit:
825 3443 978 3514 σωτέτςαιη
1006 3453 1071 3495 non
1096 3446 1145 3496 est
1172 3432 1282 3522 trttjt'ce

92 3520 142 3583 sed
159 3520 303 3610 perfora,
322 3521 486 3608 pertunde,
509 3537 543 3586 et
564 3525 597 3605 hs
613 3523 677 3584 dra·
700 3525 773 3600 palo»
791 3518 997 3607 jungendum
1022 3531 1121 3599 arcte,
1154 3532 1190 3582 ut
1215 3520 1281 3607 sig·

92 3597 311 3699 nificet‘qnod
335 3609 416 3673 dixi.
447 3609 574 3677 Pauw.
630 3606 739 3686 Verte,
765 3603 854 3670 Talia
879 3604 995 3670 suadens
1017 3605 1118 3670 animo
1143 3604 1283 3685 inscribe,

89 3706 143 3771 per
164 3717 255 3760 aures
277 3716 349 3760 nero
373 3696 581 3759 transmissum
604 3713 768 3762 sermonem
794 3691 926 3780 insculpe
952 3691 1054 3757 sedato
1077 3691 1286 3774 raimalast,

93 3773 206 3862 idest,
240 3782 495 3870 cogitationibus
520 3782 583 3845 tuis
609 3779 820 3844 severioribus
844 3792 877 3847 et
903 3800 1001 3864 quam
1022 3778 1167 3842 maxime
1183 3780 1283 3844 seriis.

95 3857 248 3935 Hnarn.
310 3867 363 3933 Ex
411 3867 543 3933 Stanleii
583 3865 783 3951 Heathiique
821 3864 1141 3952 interpretationibus
1179 3865 1286 3931 inanis

95 3950 193 4018 oritur
223 3954 414 4042 tautologia.
468 3954 541 4019 Nec
571 3952 689 4103 injuria
718 3952 859 4017 dubitari
888 3967 1006 4040 potest,
1040 3974 1081 4014 an
1112 3948 1285 4038 AEschylus

97 4041 284 4106 vocabulum
307 4047 385 4112 βάσις
406 4062 500 4106 sensu
532 4056 597 4105 mat
623 4039 763 4104 ematico
789 4039 952 4138 posueritz
976 4039 1065 4123 quod
1086 4036 1174 4116 alibi,
1197 4039 1286 4125 apud

97 4139 180 4204 eum,
202 4142 239 4194 ut
261 4141 296 4192 et
317 4128 405 4215 apud
431 4127 608 4192 Pindarum
633 4140 667 4190 et
693 4124 892 4213 Euripidem,
915 4142 1044 4225 semper
1061 4145 1206 4212 gressum
1222 4125 1288 4213 sig·

98 4207 217 4278 nificat.
262 4214 416 4301 Proprius
442 4214 543 4302 igitur
569 4212 610 4278 ad
634 4226 779 4277 mentem
813 4212 928 4300 tragici
962 4212 1092 4276 videtur
1114 4211 1286 4276 accessisse

98 4289 263 4379 Pauwius3
286 4318 388 4366 unum
413 4312 524 4364 tamen
546 4314 596 4368 est
620 4298 709 4386 quod
733 4300 768 4363 iu
789 4297 858 4384 ejus
881 4296 1102 4385 explicatione
1130 4297 1289 4367 desidero.

99 4374 174 4448 Nou
204 4387 290 4452 enim
321 4386 526 4476 perspicitur,
566 4404 632 4471 quo
665 4383 867 4472 metaphora
897 4406 1016 4536 genere
1046 4383 1103 4448 hic
1138 4407 1213 4450 usus
1248 4387 1289 4451 sit

98 4474 192 4550 poeta
206 4474 239 4538 in
254 4470 406 4557 wntvjain
421 4478 506 4555 μῦθον.
545 4471 695 4537 Arbitror
709 4485 818 4537 autem
834 4471 907 4536 sinn
922 4472 1080 4536 itudinem
1093 4491 1116 4534 a
1130 4470 1276 4537 coelatur

100 4549 227 4627 ductam
249 4581 340 4642 esse;
369 4561 416 4626 ita
437 4573 475 4627 ut
495 4565 670 4643 manvjata·
688 4557 730 4624 sit
745 4557 768 4625 i.
785 4579 819 4646 q.
833 4555 907 4627 culo
921 4557 1094 4642 elaborare,
1116 4570 1200 4644 agot·
1213 4563 1250 4633 βί
