2958 4938
201 338 240 407 μ
304 392 307 397 ⁴
582 315 1076 412 CHOEPHORAE.¹

359 473 474 540 Telum
487 470 569 538 euim
584 476 775 541 tenebrosum
789 475 974 542 ⁴int'erorum
1018 482 1021 487 '

359 572 521 641 Nobilium
536 572 588 662 qui
601 574 772 641 ceciderunt
783 576 993 641 ecelerarorum
1007 599 1111 654 manu,
1312 574 1382 660 285

359 672 471 740 Rabies
484 675 607 753 scilicet,
628 692 657 740 et
670 676 766 741 inanis
778 695 942 743 nocturnus
956 679 1047 743 timor

360 777 445 865 Agit,
459 778 568 851 turbat,
590 791 620 841 et
633 799 685 858 per
698 779 803 842 urbem
818 778 981 866 insequitur

357 882 451 944 AEreo
462 879 556 966 flagro
569 882 731 944 laceratum
744 902 863 962 corpus.

359 984 461 1069 Atque
475 983 521 1047 his
535 985 656 1070 quidem
670 1006 767 1070 neque
780 985 881 1066 poculi
913 986 915 992 '

358 1086 516 1169 Participes
531 1084 595 1151 fieri
608 1087 653 1150 fas
665 1104 718 1165 est,
740 1111 837 1174 neque
852 1087 1011 1165 libaminis,

358 1187 410 1253 Ab
424 1188 480 1252 aris
494 1189 639 1266 recedere,
661 1211 724 1253 non
740 1191 833 1255 visam
849 1176 937 1272 patris

244 1300 247 1305 ’
357 1286 438 1351 Iram
452 1287 592 1352 sustinere
606 1302 733 1370 oportet,
748 1312 805 1355 nec
819 1313 891 1355 cum
906 1312 1060 1377 quoquam
1070 1287 1213 1353 habitare,

360 1387 513 1454 Omnibus
526 1411 598 1453 vero
612 1389 783 1471 despectum
797 1406 826 1456 et
839 1390 967 1455 inuisum
983 1391 1101 1454 tandem
1115 1389 1204 1465 mori,

358 1489 444 1553 Male
456 1488 610 1553 conditum
627 1489 658 1552 in
672 1490 822 1555 exitialem
837 1506 974 1554 mortem.

251 1646 254 1651 .
355 1589 481 1654 Talibus
495 1591 622 1654 oraculis
634 1613 753 1655 necesse
766 1607 811 1657 est
823 1593 950 1656 credere.

358 1689 492 1770 Quodsi
507 1714 569 1756 non
583 1691 744 1768 credidero,
762 1692 824 1755 hoc
838 1707 940 1756 tamen
954 1690 1131 1774 patrandum
1144 1700 1197 1752 eat.
1216 1689 1233 1709 '‘

358 1793 460 1857 Multa
473 1793 555 1857 enim
569 1793 601 1857 in
615 1815 711 1857 unum
724 1793 901 1858 coincidunt
914 1792 1064 1870 desideria,

358 1891 480 1978 Deique
488 1895 579 1978 jussa,
601 1907 632 1956 et
644 1894 732 1974 patris
745 1895 843 1957 luctus
857 1893 966 1980 gravis,

360 1992 400 2055 Et
412 2013 512 2056 terum
524 1993 631 2074 premit
643 1993 753 2074 inopia,

359 2092 448 2156 Erue
462 2092 542 2157 cives
557 2092 729 2157 mortalium
743 2092 969 2174 praeclarissimi,
1313 2103 1380 2175 300

359 2191 466 2276 Trojae
480 2216 627 2259 eversores
640 2195 771 2281 glorioso
783 2197 899 2274 animo,

361 2294 488 2358 Duabus
500 2295 673 2360 mulieribus
685 2296 744 2359 siut
757 2299 875 2362 subditi.

361 2397 453 2461 Mens
467 2398 548 2462 euim
561 2398 705 2464 foeminea
719 2416 779 2464 est:
801 2402 825 2466 oi
841 2422 912 2465 vero
925 2421 999 2475 non,
1016 2394 1118 2462 statim
1129 2390 1290 2462 constabit.

611 2650 956 2723 ANAPAESTI.

189 2828 302 2876 cnon.
340 2808 413 2888 ’Ae
428 2811 460 2877 Ο
474 2832 594 2897 magnae
609 2812 723 2888 Parcae,
739 2813 805 2875 date
817 2809 952 2895 exJovis
965 2809 1084 2874 decreto

356 2908 426 2975 Hac
442 2912 590 2976 terminari
603 2913 771 2999 negotium,

359 3011 433 3090 Qua
441 3012 491 3095 jur
505 3010 617 3074 mansit.

359 3111 418 3173 Pro
433 3109 536 3174 odiosa
549 3110 655 3197 lingua
665 3110 768 3174 odiosa
785 3181 810 3202 χ

357 3197 475 3296 lingua
489 3209 678 3291 rependatur3
701 3210 834 3275 debitum

359 3308 491 3396 Exigent
504 3306 623 3392 justitia
634 3298 730 3374 altum
743 3310 869 3382 clamate

358 3409 417 3472 Pro
432 3409 584 3474 mortifera
601 3409 689 3497 plaga
701 3409 885 3474 mortiferam

325 3556 347 3586 „
363 3510 486 3597 Plagam
501 3511 654 3575 sustineat:
676 3525 815 3598 agentem
830 3510 902 3594 pati,

325 3654 346 3689 „
360 3611 527 3677 Tri-reclus
541 3633 639 3676 sermo
653 3612 720 3677 haec
734 3612 816 3676 dicit.

228 3819 239 3851 ⁴
257 3812 324 3871 MS.
343 3810 499 3872 Inferorum
507 3813 556 3893 qui
568 3811 734 3873 ceciderunt
743 3809 1015 3890 consanguineorum
1023 3811 1220 3873 sceleratorum
1229 3831 1323 3873 mauu.

226 3915 237 3950 ⁵
257 3912 321 3971 MS.
339 3911 404 3987 Sed,
419 3915 448 3972 O
459 3933 570 3994 magna
578 3914 680 3980 Parca,
692 3911 756 3972 date
770 3911 800 3971 in
812 3932 873 3972 eam
887 3927 995 3986 partem
1008 3911 1151 3973 terminari
1162 3914 1217 3974 boc
1229 3913 1376 3992 negotium

186 4016 300 4064 auctore
322 4004 406 4080 Jove,
432 4004 459 4063 h.
472 4029 496 4066 e.
516 4010 658 4072 divinitus,
684 4003 714 4064 in
736 4024 818 4082 quam
845 4018 951 4084 partem
976 4004 1022 4081 jur
1045 4005 1155 4065 tramit.
1195 4007 1250 4065 Pro
1275 4006 1377 4066 odiose

185 4095 282 4183 lingua
305 4096 479 4176 impendatur
496 4098 593 4178 lingua
611 4099 722 4168 odiosa3
738 4096 848 4175 justitia
865 4097 952 4158 altum
971 4100 1073 4158 clamat
1089 4100 1155 4158 dum
1166 4098 1253 4179 exigit
1265 4098 1377 4160 debitas

184 4210 296 4266 poenam
316 4192 373 4251 luat
392 4207 494 4262 autem,
511 4194 561 4253 vel
577 4198 716 4261 sustinear,
732 4211 784 4270 pro
803 4190 946 4252 mortifera
965 4192 1045 4272 plaga
1061 4192 1233 4266 mortiferam
1247 4193 1375 4273 plagam,

186 4273 217 4344 ut
229 4285 257 4344 ei
274 4284 324 4358 qui
343 4284 443 4348 fecerit
461 4285 594 4364 injuriam
608 4307 659 4364 par
671 4283 773 4362 injurie
786 4286 822 4347 sit
836 4285 991 4346 toleranda:
1011 4280 1219 4365 antiquissimus
1231 4287 1288 4353 hoc
1302 4286 1375 4348 dicit

185 4398 285 4440 nermo.
