2924 4936
454 327 865 397 CHOEPHORAE.

227 468 420 562 Mammam
442 484 479 547 ad
492 507 584 570 quam
595 484 702 566 saepins
716 482 923 548 dormituriens
936 479 1035 557 simul,

236 585 378 673 Gingivis
392 587 541 649 emulxisti
555 586 753 650 ⁴nutritivum
765 584 823 649 lac.

80 704 177 749 onam.
235 687 354 772 Pylade,
371 687 443 772 qnid
457 685 582 750 faciam?
609 702 733 751 matrem
748 684 913 750 interficere
927 678 1057 747 timebo?

79 806 202 852 arnan.
232 788 294 854 Ubi
308 788 399 876 igitur
413 788 525 874 reliqua
539 789 689 872 Apollinis
704 788 825 852 oracula
1185 797 1249 866 900

234 889 360 970 Delphis
370 890 459 968 edita,
473 905 504 954 et
516 889 578 955 fida
586 888 773 976 juramenta?

234 994 351 1057 Omnes
363 992 443 1074 prius
457 993 556 1058 hostes
570 1016 663 1081 quarn
676 994 762 1058 Deos
776 991 935 1056 existimes.

231 1096 341 1179 Judico
356 1113 385 1159 te
400 1097 514 1174 vicisse,
529 1113 559 1162 et
572 1098 716 1161 admones
729 1119 778 1160 me
792 1111 881 1159 recte.

232 1195 372 1282 Sequere,
384 1196 472 1282 juxta
481 1198 564 1262 hunc
579 1199 676 1280 ipsum
690 1196 856 1262 interficere
870 1210 898 1259 te
909 1193 995 1258 volo:

233 1295 327 1360 Hunc
341 1298 433 1376 enim,
449 1298 524 1362 dum
538 1299 658 1377 viveret,
677 1298 830 1380 praetulisti
844 1296 927 1379 patri.
1185 1303 1248 1376 905

232 1397 370 1462 Moriens
380 1398 451 1462 huic
466 1400 640 1475 condormi;
663 1399 808 1486 quoniam
819 1398 916 1484 diligis

230 1500 342 1565 Virum
353 1502 445 1581 hunc,
462 1525 533 1568 eum
547 1523 648 1570 autem
659 1527 751 1590 quem
765 1503 896 1585 oportuit
908 1500 1053 1578 dilexisse,
1065 1495 1163 1562 odisti.

76 1614 173 1666 csta.
230 1604 300 1689 Ego
312 1604 421 1668 nutrivi
436 1620 475 1683 te,
490 1628 572 1670 nunc
586 1621 687 1670 autem
701 1626 853 1670 senescere
868 1603 969 1667 velim.

73 1723 170 1767 orest.
231 1704 315 1785 Qnae
328 1722 442 1788 patrem
457 1707 639 1785 interfecisti,
659 1730 721 1772 una
735 1729 858 1771 mecum
869 1701 1031 1771 habitabis?

74 1824 170 1870 esur.
228 1807 465 1885 Fatumhorum,
488 1808 589 1886 Ofili,
608 1822 781 1873 auctorest.
1184 1814 1249 1884 910

75 1928 182 1973 nassa.
232 1909 272 1973 Et
282 1909 362 1975 hanc
376 1910 467 1998 igitur
479 1911 575 1976 fatum
589 1912 703 1994 paravit
716 1925 855 1976 mortem.

74 2032 171 2077 cerr.
230 2012 356 2077 Nihilne
371 2015 477 2079 vereris
490 2032 637 2081 maternas
649 2015 735 2092 diras,
749 2006 811 2078 filit

74 2134 185 2179 onssr.
229 2114 344 2179 Eadem
357 2115 439 2180 enim
455 2139 524 2201 quae
536 2115 671 2199 peperisti
684 2138 742 2194 me,
757 2112 906 2200 projecisti
920 2112 952 2176 in
966 2105 1175 2175 infortunium.

74 2237 171 2283 carr.
234 2218 350 2285 Nonne
363 2219 448 2284 emisi
461 2235 490 2284 te
504 2221 541 2284 ad
554 2221 632 2285 aedes
644 2219 773 2285 amicas?

73 2336 175 2381 oussr.
228 2317 398 2400 Dupliciter
411 2321 547 2385 venditus
560 2344 638 2401 sum,
659 2322 752 2385 libero
766 2334 847 2403 patre
858 2334 954 2384 natus.
1185 2325 1249 2399 915

74 2438 168 2485 carr.
224 2420 290 2483 Ubi
304 2420 423 2485 tandem
437 2422 565 2503 pretium
579 2423 661 2509 quod
673 2422 803 2487 vicissim
818 2419 937 2505 accepi?

75 2541 188 2586 ortasr.
227 2521 323 2586 Pudet
335 2522 396 2586 hoc
412 2523 465 2588 tibi
480 2540 578 2607 aperte
592 2525 800 2608 improperare.

73 2643 170 2690 cerr.
225 2623 278 2688 Ne
287 2623 406 2706 pudeat,
421 2625 471 2689 sed
485 2626 533 2690 dic
546 2625 681 2692 similiter
694 2641 724 2691 et
738 2626 826 2710 patris
841 2626 884 2690 tui
899 2644 1008 2690 vanam
1020 2619 1193 2686 absentiam.

74 2744 178 2791 otest.
229 2727 282 2790 Ne
295 2725 412 2790 incuses
423 2726 609 2792 laborantem
625 2727 702 2792 intus
716 2727 829 2790 sedens.

74 2847 170 2905 cerr.
227 2825 332 2894 Grave
347 2843 391 2892 est
404 2828 576 2893 mulieribus
591 2851 609 2892 a
622 2827 687 2892 viro
702 2827 805 2905 arceri,
820 2822 874 2890 fili.
1184 2836 1248 2905 920

74 2949 181 2996 ortasr.
233 2929 338 2997 Nutrit
351 2947 453 2995 autem
466 2928 521 2995 viri
534 2929 618 2994 labor
631 2926 763 2993 sedentes
777 2928 866 2992 intus.

75 3049 170 3098 cerr.
232 3030 446 3096 Interfecturus
458 3031 574 3109 videris,
596 3029 697 3109 Ofili,
715 3047 851 3095 matrem.

74 3151 188 3199 okss‘r.
228 3134 283 3197 Tu
296 3132 432 3215 teipsam,
447 3155 510 3198 non
523 3154 592 3219 egn,
608 3131 775 3197 interficies.

75 3252 170 3300 cerr.
229 3233 310 3298 Vide
324 3235 373 3312 sis,
387 3256 460 3299 cave
473 3236 574 3300 matris
588 3234 674 3298 iratas
688 3254 787 3298 canes.

76 3353 188 3400 onasr.
232 3334 326 3399 Patris
339 3356 411 3398 vero
426 3336 582 3421 quomodo
596 3334 753 3422 effugiam,
775 3333 930 3421 negligens
942 3328 1029 3396 haecl
1185 3344 1225 3414 92
1227 3341 1248 3412 5

76 3453 170 3502 cerr.
228 3435 345 3500 Videor
359 3436 514 3501 lamentari
527 3437 595 3501 viva
608 3437 645 3500 ad
658 3436 848 3517 sepulchrum
863 3434 979 3497 frustra.

76 3554 190 3605 onssr.
230 3535 322 3601 Patris
335 3535 416 3601 enim
428 3536 524 3602 fatum
539 3538 618 3601 hanc
633 3536 685 3600 tibi
700 3536 831 3600 decernit
845 3548 985 3598 mortem.

76 3656 164 3704 cerr.
229 3639 290 3702 Hei
305 3637 380 3701 mihi
394 3661 463 3723 quae
478 3639 594 3721 pariens
607 3639 689 3702 hunc
703 3650 869 3718 serpentem
882 3627 1027 3698 enutrivi!

231 3739 347 3802 Revera
360 3753 441 3803 vates
454 3739 522 3817 fuit,
543 3739 597 3802 iste
612 3739 643 3801 in
657 3736 771 3801 somnis
785 3734 886 3800 timor.

76 3860 188 3908 nassa.
230 3838 407 3904 Interfecisti
429 3862 521 3927 quem
546 3862 609 3904 non
637 3839 778 3920 oportuit,
813 3852 911 3920 patere
932 3856 1005 3921 ergo
1035 3852 1104 3917 quae
1128 3850 1191 3892 non

316 3941 458 4021 oportuit.
1185 3946 1249 4016 930

76 4062 173 4109 cuore.
227 4043 399 4127 Lugeamus
411 4041 503 4128 igitur
515 4042 605 4106 etiam
619 4041 731 4105 horum
744 4039 944 4103 calamitatem
955 4035 1115 4116 duplicem.

232 4142 276 4206 At
289 4141 434 4229 quoniam
448 4145 613 4208 multorum
626 4142 807 4230 sanguinum
820 4140 857 4204 ad
870 4136 1022 4224 fastigium
1035 4132 1117 4198 venit

233 4243 330 4307 Miser
344 4244 475 4321 Orestes,
489 4245 550 4309 hoc
564 4260 665 4309 tamen
675 4261 824 4325 optamus,

230 4346 278 4409 Ut
291 4344 398 4412 oculus
411 4347 517 4412 domus
530 4369 595 4412 non
608 4343 735 4410 omnino
749 4342 898 4409 extinctus
912 4337 1009 4404 cadat.

524 4509 769 4574 »stantarum

658 4619 722 4668 ΝΖ
