2924 4936
86 310 96 325 ⁴
179 323 243 388 106
322 366 326 377 ·
472 317 1105 393 INCHOEPHORA'S

177 474 217 540 de
232 472 388 541 Pharisaeo
405 472 480 541 dixit
501 476 547 544 D.
566 476 678 562 Lucas,
701 479 782 544 xviii
803 497 854 547 11.
890 483 920 543 ὀ
935 492 1070 565 oupertus
1091 481 1175 552 faut,
1187 481 1252 561 ...ὃς
1265 484 1365 557 tarsu,

176 589 263 644 uariae
277 583 447 662 προσηύχετο.
453 583 467 663 ]

218 684 265 767 [r'.
282 701 331 763 19.
354 695 586 748 neourronu.
633 682 759 749 Electra
775 683 814 748 ad
830 682 984 766 Chorum,
1008 688 1038 757 r
1053 684 1107 770 83

426 787 499 846 ’Euri
514 791 610 870 malgeri
625 789 698 854 τῆσδε
713 814 806 872 προς-ς.
808 796 855 857 πῆς
869 791 922 867 ipsi

431 893 546 966 Hopuol.

177 995 319 1086 Hesych.
343 1004 484 1091 Πςοφςοπῇ·
508 1009 613 1088 1....1...
673 1000 835 1068 Plutarch.
861 1002 900 1067 de
928 1000 976 1068 his
1004 1002 1061 1090 qui
1085 1024 1153 1068 sero
1176 1001 1369 1091 puniuntur,

176 1124 210 1193 p.
221 1103 294 1187 560.
317 1115 400 1175 λιταῖς
413 1136 465 1170 uror
481 1111 524 1169 rui
540 1117 706 1189 mgoeqouaie.
753 1103 871 1171 Noster
884 1106 916 1169 ln
933 1104 1045 1188 Persis,
1067 1116 1094 1171 tl·
1110 1106 1181 1170 216.

474 1211 617 1279 -Srle
631 1211 654 1270 di
669 1220 823 1292 uqorqouete
839 1211 978 1292 irruptum]

219 1325 249 1387 rl.
264 1343 314 1390 21.
336 1339 443 1389 κοΑΣ.
488 1327 625 1390 Fortasse
639 1337 715 1408 poet,
740 1335 776 1388 ut
789 1328 820 1391 rl.
835 1343 906 1409 154.
932 1322 1004 1388 licet
1025 1322 1111 1387 enim
1134 1321 1298 1389 Homerus
1310 1323 1373 1406 >pir

176 1422 303 1503 habeat,
324 1428 509 1515 posteriores
525 1438 631 1491 tamen
646 1427 712 1510 χωὶς
728 1448 861 1514 semper,
882 1425 1004 1513 opinor,
1028 1437 1229 1511 usurparunt.

218 1540 301 1607 Ibid.
322 1558 567 1622 ΠΡΟΠΟΜΠΟΣ,
588 1543 804 1634 prosequutrix.
855 1540 896 1607 Et
919 1542 952 1606 in
980 1541 1065 1630 Sept.
1085 1553 1192 1607 contra
1221 1538 1371 1620 Thebas,

177 1655 210 1717 u.
225 1643 318 1712 1066.

518 1759 575 1818 Πῦς
589 1753 704 1829 τολμῆσω
718 1752 825 1829 qairrei
841 1749 934 1830 utqirrr,

520 1851 592 1918 Mirr
607 1854 636 1915 el
649 1862 806 1932 προπέμπειν
820 1855 860 1912 iul
875 1848 982 1933 τύμέῳς

179 1963 266 2033 Etr.
284 1967 378 2049 1076.

520 2070 607 2150 Ἠμιῖς
619 2077 662 2153 μὶν
675 2076 728 2151 ἴμεν
741 2075 785 2136 real
800 2077 957 2153 συνθάψομεν

523 2175 584 2235 Atlt
599 2181 848 2257 προπομποί.-

181 2287 299 2364 Latini,
316 2286 469 2379 prosequi.
516 2287 646 2367 Seneca,
664 2287 764 2376 Epist.
776 2309 830 2374 30.
874 2287 993 2355 Bassus
1014 2297 1110 2353 noster
1127 2284 1289 2353 videbatur
1302 2286 1376 2354 milri

176 2389 319 2481 prosequi
344 2410 387 2466 se,
409 2399 438 2454 et
459 2408 631 2478 componere
651 2401 679 2455 et
707 2391 802 2457 uivere
827 2400 972 2479 tanquam
999 2398 1154 2479 superstes.
1200 2387 1375 2476 Apuleius,

181 2489 399 2578 Metamorph.
417 2489 511 2555 v111.
562 2490 669 2556 Funus
695 2515 774 2567 uero,
795 2501 852 2557 toto
862 2490 996 2581 feralem
1014 2509 1163 2583 pompam
1179 2502 1378 2579 prosequente

179 2589 305 2680 populo,
337 2590 496 2657 deducitur
521 2592 564 2658 erl
586 2590 784 2684 sepulturum.
829 2592 921 2659 Idem
949 2591 1089 2657 officium
1118 2600 1252 2669 ἐκπίμ...
1281 2594 1377 2657 etiam

181 2693 329 2760 dicebant
343 2693 458 2772 Graeci,
481 2697 603 2786 exsequi
619 2695 732 2762 Latini.
779 2695 957 2785 Euripides,
989 2694 1122 2783 Cresph.
1142 2691 1269 2785 Fragm.
1287 2693 1316 2761 I.

402 2862 405 2867 .
438 2803 510 2864 To'rl’
521 2804 555 2864 αὖ
568 2804 678 2865 Sorrina
692 2807 737 2865 rori
751 2810 830 2866 radron
843 2813 1002 2881 mrurevur‘ror

436 2907 573 2982 Xaiqorrore
586 2912 742 2985 eriprpriirruq
757 2914 888 2983 ἐκπέμπει.
903 2906 990 2984 liquor·

185 3010 289 3102 Apud
305 3012 492 3080 Ciceronem
509 3015 608 3082 Tusc.
628 3018 749 3102 Quaest.
765 3019 791 3083 I.
807 3020 862 3105 48.

439 3115 484 3181 At
497 3117 550 3205 qui
565 3116 682 3183 labores
695 3120 909 3207 mortefinisset
918 3136 1032 3208 graues

443 3216 553 3283 Omnes
566 3220 675 3284 amieos
689 3217 779 3285 laude
793 3232 820 3284 et
833 3221 935 3285 laetitiu
950 3219 1082 3310 exsequi.

229 3316 332 3403 [ibid.
355 3335 521 3385 oerxurer.
569 3318 699 3398 Seneca,
722 3321 844 3385 Troad.
868 3329 896 3386 rr.
910 3341 962 3403 92.

444 3419 534 3484 Vocet
546 3421 589 3486 ad
602 3422 697 3486 crebri
711 3420 832 3487 verbera
846 3420 993 3512 plautius

439 3521 622 3591 Furibunda
638 3545 754 3588 merrus.

186 3639 234 3707 Ita
249 3642 328 3706 acuti
345 3665 470 3730 ungues,
487 3644 572 3731 apud
583 3642 700 3710 Juven.
719 3642 782 3709 Sat.
795 3642 835 3707 V.
849 3662 902 3730 41.
920 3666 976 3732 pro
985 3641 1103 3729 agiles:
1118 3650 1149 3706 et
1163 3649 1257 3706 motus
1272 3649 1379 3706 acutus

185 3744 272 3832 apud
290 3741 432 3809 Statium.
495 3744 539 3810 D.
554 3746 674 3817 Paulus
696 3745 736 3810 ad
752 3743 847 3811 Rom.
864 3745 904 3811 iii.
926 3766 975 3830 15.
1006 3750 1087 3818 ὀξεῖς
1111 3754 1134 3807 ..”
1158 3745 1243 3819 olli„
1266 3740 1379 3806 veloces

178 3850 283 3938 pedes.
327 3848 405 3913 Alio
426 3870 500 3924 vero
521 3872 615 3919 sensu
635 3862 723 3917 acuta
747 3873 855 3916 marrus
870 3849 1008 3937 Apuleio
1030 3848 1151 3923 dicitur,
1179 3844 1316 3913 Metam.
1334 3842 1375 3908 V.

184 3948 311 4014 sub'fin.
350 3948 400 4013 'Et
413 3961 518 4015 acutas
531 3972 640 4015 monus
653 3951 755 4028 tabes,
778 3962 807 4017 et
820 3955 946 4040 majores
966 3960 1032 4015 tuos
1042 3950 1233 4012 irreverenter
1242 3943 1376 4033 pulsasti

183 4051 280 4115 toties.
326 4051 433 4116 Verba
457 4065 531 4118 sunt
555 4053 686 4120 Veneris
711 4054 751 4120 ad
777 4052 980 4140 Cupidinem.
1038 4051 1126 4135 Quin
1151 4055 1188 4113 ut
1212 4051 1311 4128 ὃξόχ...
1336 4045 1378 4110 de'

185 4149 342 4238 frequenti
352 4164 384 4215 et
394 4153 494 4218 veloci
505 4176 660 4219 manuum
675 4154 754 4233 iou,
767 4155 808 4219 ita
822 4157 972 4228 azanello<
986 4153 1026 4217 de
1042 4150 1189 4215 velociter
1203 4147 1377 4235 gradiente.
1458 4200 1459 4205 ,

186 4248 293 4315 Gloss.
316 4251 518 4319 Addeusator.
555 4257 734 4332 'rotselmus
778 4254 825 4319 Ita
841 4254 982 4320 rectevir
997 4253 1037 4319 cl
1056 4252 1140 4317 Bon.
1155 4248 1361 4329 Vulcanius]

228 4350 311 4419 Ibid.
335 4373 405 4422 eru
428 4375 570 4425 11011111..
618 4356 770 4445 Stephanr
785 4357 922 4423 edrtro
892 4389 936 4423 α..
948 4363 1045 4421 ...τω
1093 4354 1197 4419 Aliter
1211 4373 1286 4417 vero
1301 4349 1379 4441 legit
1458 4412 1459 4425 ,

184 4448 385 4536 Scholiastes,
422 4460 475 4551 qui
503 4465 604 4528 ...ιτόι
632 4461 863 4548 interpretatur.
910 4422 1073 4548 [Hesych.
1113 4475 1149 4521 Κ.
1138 4461 1235 4528 oo'mrr
1269 4460 1375 4532 lpus„

173 4554 239 4635 θςῆ.
231 4587 265 4628 ..ς
276 4589 345 4640 με...
332 4558 435 4643 slepe
448 4556 545 4649 xurgite.
591 4556 680 4648 Quin
704 4562 789 4650 apud
812 4573 955 4628 nostrum
971 4560 1031 4627 hoc
1046 4560 1116 4626 loco
1129 4556 1182 4624 rel
1202 4553 1377 4646 legenduui
