2958 4938
618 276 1033 361 cuousnoan.

408 448 482 515 Huc
496 459 531 510 ut
543 444 642 511 veniat
655 446 775 513 Orestes
787 443 919 522 feliciter,
933 464 937 473 ’

406 552 499 637 Rogo
513 565 558 625 te;
580 565 613 615 tu
626 572 697 614 vero
711 549 780 614 audi
795 568 854 626 me,
869 563 959 631 pater.

406 653 552 720 Concede
565 653 650 730 mihi,
671 668 705 717 ut
718 653 878 719 modestior
892 654 989 717 multo
1001 651 1059 717 airu

405 753 517 828 Matre,
531 767 561 815 et
573 765 606 814 ut
619 772 725 814 manus
737 749 775 813 ait
785 750 880 836 magis
893 751 952 832 pia.

406 852 508 918 Nobis
521 851 643 937 quidem
654 851 725 915 haec
739 864 825 924 vota;
848 851 897 913 sed
912 849 1080 914 adversariis

407 948 559 1031 Apparere
572 949 641 1013 dico
654 964 693 1025 te,
715 965 806 1030 pater,
828 950 965 1026 ultorem,

406 1049 448 1115 Et
461 1047 663 1112 interfectores
675 1047 803 1111 vicissim
817 1046 990 1111 interficere.

407 1151 499 1214 Hanc
513 1150 624 1213 malam
638 1148 882 1229 imprecationem
895 1148 927 1211 in
940 1148 1040 1213 medio
1056 1147 1186 1230 profero,

407 1252 470 1317 Illis
484 1267 589 1333 optans
603 1252 681 1314 hanc
697 1252 807 1315 malam
820 1251 1050 1315 execrationem.

407 1351 508 1416 Nobis
521 1373 591 1415 vero
606 1350 704 1414 mittas
717 1350 812 1415 hausta
824 1351 957 1433 desuper,

407 1454 491 1519 Cum
505 1453 584 1530 Diis,
604 1454 769 1538 Terraque,
790 1469 821 1518 et
833 1455 979 1520 Vindicta
991 1454 1122 1520 victrice

407 1557 446 1620 ln
459 1556 527 1622 haec'
540 1573 610 1620 vota
623 1556 676 1620 has
690 1558 751 1620 libo
764 1556 892 1623 inferias.

343 1700 346 1705 -
405 1661 474 1725 Vos
486 1676 586 1725 autem
601 1660 737 1727 lamentis
750 1662 899 1726 abundare
913 1685 1036 1749 aequurn
1048 1676 1102 1739 est,

407 1765 517 1831 Paeana
529 1785 616 1847 super
629 1779 784 1829 mortuum
797 1766 975 1832 accinentee.

682 1949 977 2021 SYSTEMA.

239 2126 351 2181 enon.
384 2102 532 2170 ³Fundite
544 2103 712 2191 lachrymas
725 2126 847 2171 sonoras
859 2103 983 2187 perditae

406 2206 526 2273 Perdite
539 2206 676 2281 domino,

406 2310 456 2375 Ad
470 2309 620 2374 tumulum
632 2309 727 2387 hunc,
746 2310 784 2374 ad
795 2311 987 2377 avertendum
1002 2311 1090 2390 malo,
1111 2310 1252 2397 bonaque

406 2414 595 2495 Impetranda
609 2411 804 2495 piamentum,
1313 2424 1316 2429 ”
1332 2424 1337 2431 ’

409 2513 521 2581 Effusis
533 2513 653 2578 inferiis.
697 2514 778 2578 Audi
791 2536 863 2579 vero
878 2539 937 2588 me,
959 2515 1039 2593 audi,

405 2617 585 2681 Venerande
599 2615 731 2694 domine,
752 2639 792 2681 ex
806 2619 933 2682 obscura
946 2633 1055 2682 mente.

407 2716 692 2797 Otototototototoi,
713 2716 806 2783 eheu!
831 2719 995 2805 quis-hasta
1006 2731 1135 2785 armatus
1161 2782 1165 2787 ,

407 2822 476 2899 Vir,
497 2821 607 2889 aedium
620 2822 767 2907 liberator,
929 2816 932 2821 ’

407 2922 530 3010 Scytha,
550 2925 581 2988 in
596 2924 792 3010 manibusque

406 3024 711 3106 Retro-percutientia
725 3029 935 3114 reverajacula

407 3124 594 3189 Concutiens
608 3128 703 3203 Mars,

409 3224 594 3326 Gladiostyue
607 3226 644 3291 ad
657 3225 822 3296 feriendum
837 3245 991 3311 promptos
1004 3225 1137 3293 vibrans?

729 3413 922 3489 ΙΑΜΒΙ.

241 3587 373 3635 aanor.
414 3562 517 3632 Habet
529 3588 611 3633 nunc
626 3567 746 3653 quidem
761 3593 780 3641 a
794 3587 869 3634 terra
882 3586 984 3652 epotas
998 3568 1113 3634 inferias
1127 3582 1219 3650 pater,

409 3667 515 3734 Praeco
527 3667 659 3737 maxime
673 3690 779 3735 eorum
793 3671 846 3757 qui
860 3693 948 3753 supra
960 3687 990 3734 et
1005 3668 1081 3734 infra
1093 3688 1170 3735 sunt.

279 3875 290 3908 ³
309 3869 376 3928 MS.
395 3866 518 3927 Fundite
530 3867 685 3946 lachrymae
697 3870 794 3931 uberes
806 3890 927 3938 sonoras,
942 3895 997 3943 curu
1011 3895 1067 3937 sono
1079 3870 1189 3931 ubertim
1201 3885 1347 3936 manantes,
1360 3889 1421 3948 per·

240 3962 323 4031 ditat,
343 3978 396 4034 pro
414 3957 526 4039 perdito
545 3959 672 4029 domino,
692 3964 727 4022 ad
747 3965 880 4024 tumulum
894 3965 977 4038 hunc,
996 3963 1185 4042 expiationem
1197 3961 1420 4030 abominandam,

240 4053 392 4135 ingratam,
411 4073 475 4132 quse
494 4067 600 4113 avertat
613 4055 683 4127 mala
698 4079 718 4114 a
738 4058 822 4127 ¹nobis,
843 4057 916 4116 bona
934 4054 970 4129 ab
988 4056 1127 4140 AEgistbo‚
1147 4053 1255 4113 inferiae
1266 4037 1420 4114 fundentur.

242 4149 322 4210 Audi
336 4167 413 4215 vero,
434 4165 495 4207 mea
515 4146 684 4216 reverentia,
712 4171 783 4227 quem
803 4172 849 4230 ego
871 4171 984 4227 ueneror,
1014 4163 1044 4207 tu
1068 4163 1191 4207 mortuus
1211 4161 1241 4205 et
1263 4148 1363 4204 umbra
1384 4165 1420 4204 es.

240 4241 313 4324 Qis
325 4243 370 4302 vir
383 4244 460 4307 hasta
472 4257 584 4322 potens,
604 4242 762 4328 bellicosus,
781 4253 892 4311 existat,
913 4244 1047 4303 liberator
1066 4243 1145 4317 htdus
1158 4244 1268 4318 domus,
1292 4257 1420 4322 tanquam

240 4341 347 4417 Scytha
366 4337 415 4416 qui
432 4336 565 4414 jaculetur
586 4337 700 4420 sagittas
721 4357 782 4409 quae
798 4359 880 4398 manu
901 4338 1029 4417 gestavit,
1049 4359 1112 4416 quae
1125 4335 1265 4404 tendendo
1278 4352 1419 4396 retrorsum

242 4432 388 4494 mittuntur
400 4431 512 4492 inverso
525 4448 598 4511 actu,
618 4433 668 4508 qui
680 4431 716 4506 sit
727 4433 805 4501 yelut
817 4433 886 4497 alter
899 4433 976 4492 Mars
989 4430 1103 4503 vibrans
1116 4430 1260 4519 ,expeditos
1276 4428 1386 4510 gladios
1394 4445 1420 4490 et

238 4529 316 4590 bono
328 4526 475 4590 manubrio
487 4542 577 4610 aptos,
650 4546 654 4553 ·
