2958 4938
563 283 974 354 CHOEPHORAE·

671 547 865 615 IAMBI.

184 717 242 786 Ill.
255 740 382 786 onssr.
398 721 486 799 Puer,
499 742 583 804 puer,
597 720 666 788 audi
681 722 789 789 sonum
805 740 960 812 portarum
974 724 1060 788 aulae.

357 822 437 906 Quis
452 823 549 890 intus?
573 827 605 893 O
618 849 692 909 puer
698 855 706 903 ;
729 826 837 891 iterum
852 827 929 914 quis,
945 826 1070 909 Opuer,
1086 825 1117 893 in
1131 825 1242 892 domo?

356 928 428 992 Hac
439 928 523 992 tertia
537 929 603 993 vice
617 928 764 994 famulum
779 928 940 993 domorum
955 951 1047 1008 voco,

356 1030 470 1095 Unum
484 1030 649 1113 hospitibus
664 1031 763 1096 comis
776 1047 820 1096 est
834 1031 1000 1118 AEgisthus.

189 1147 325 1193 remus.
359 1129 466 1209 Recte,
481 1133 581 1198 audio.
625 1134 717 1218 Cujas
730 1147 775 1195 est
786 1132 916 1214 hospes?
937 1131 1033 1198 unde?

188 1250 313 1299 ostatu.
358 1232 521 1299 Annnncia
535 1235 664 1299 dominis
678 1234 800 1313 aedium,

359 1334 410 1397 Ad
422 1356 498 1421 quos
513 1335 614 1415 venio,
636 1352 666 1400 et
679 1358 775 1400 novos
789 1335 853 1400 fero
868 1349 1012 1400 rumores.

359 1434 404 1498 At
418 1434 533 1515 festina,
553 1437 699 1522 quoniam
711 1437 808 1502 noctis
823 1458 926 1501 currus
940 1452 1079 1526 properat

359 1535 590 1616 Tenebricosus,
601 1539 666 1627 jam
681 1554 797 1623 tempus
809 1560 881 1603 veto
894 1554 928 1603 ut
941 1538 1067 1603 viatores
1081 1538 1238 1604 demittant

359 1636 537 1705 Anchoram
550 1638 582 1707 in
597 1642 709 1707 aedibus
721 1642 853 1724 hospites
866 1640 1091 1724 excipientibus.
1315 1641 1379 1708 660

361 1742 458 1807 Exeat
468 1745 570 1831 aliqua
583 1747 695 1815 aedium
710 1745 852 1829 praefecta

361 1844 485 1925 Mulier,
499 1847 560 1911 loci
574 1848 710 1913 domina:
732 1847 830 1911 virum
843 1861 944 1910 autern
957 1846 1035 1912 exire
1047 1846 1191 1912 decorum
1207 1845 1314 1935 magis.

363 1947 466 2011 Pudor
478 1947 559 2011 enim
572 1947 603 2011 in
618 1948 703 2011 dictis
716 1949 795 2012 haud
810 1948 944 2012 obscuris

363 2050 467 2115 Verba
480 2051 574 2115 addit:
597 2052 736 2116 audacter
749 2052 795 2115 vir
808 2052 969 2138 alloquitur

363 2151 487 2229 Virum,
501 2168 531 2216 et
544 2153 680 2217 observat
695 2152 886 2217 manifestum
902 2153 1033 2238 signum.
1318 2150 1359 2216 66
1361 2169 1380 2238 ς

364 2255 517 2336 Hospites‚
533 2255 636 2319 dicatis
650 2256 674 2319 si
688 2278 749 2343 qua
762 2278 793 2321 re
807 2270 953 2338 opusest:
976 2255 1082 2319 adsunt
1094 2252 1176 2319 enim

366 2354 480 2434 Qualia
493 2356 546 2419 has
561 2356 639 2421 aedes
653 2358 770 2434 decent,

366 2456 407 2518 Et
420 2456 514 2519 calida
526 2457 653 2535 lavacra,
674 2473 704 2522 et
718 2459 855 2523 laborum
869 2458 1098 2534 oblectamenta,

367 2558 487 2635 Lectus,
499 2560 708 2644 justorumque
723 2559 882 2622 oculorum
899 2556 1066 2640 praesentia.

368 2657 398 2722 Si
414 2659 485 2745 quid
498 2661 578 2725 aliud
592 2682 663 2724 vero
676 2682 764 2749 agere
772 2674 892 2747 oportet
900 2658 983 2744 quod
994 2655 1154 2722 consilium
1165 2653 1298 2741 requirit,
1322 2652 1385 2740 670

367 2761 514 2826 Virorum
528 2762 588 2825 hoc
600 2775 645 2825 est
659 2783 744 2844 opus,
760 2761 868 2848 quibos
882 2756 1186 2824 communicabimus.

368 2860 488 2944 Hospes
503 2863 624 2949 quidem
639 2862 809 2927 Dauliensis
822 2885 899 2937 sum,
920 2882 937 2925 e
952 2857 1170 2924 Phocensibus:

369 2947 613 3029 Proficiscentehr
629 2965 766 3029 indutum
781 2965 902 3047 proprio
916 2986 990 3051 sago

369 3067 481 3152 Argos,
504 3089 576 3130 curn
591 3067 782 3143 divertissem,
1369 3122 1374 3127 .

371 3164 497 3253 Ignotos
513 3167 618 3254 ignoto
633 3167 708 3229 mihi
722 3166 796 3230 dixit
807 3165 853 3229 vir
867 3165 988 3228 obvium
1003 3164 1110 3240 factus,
1327 3165 1365 3250 67
1370 3181 1388 3250 ς

374 3271 525 3351 Quaerens
539 3293 557 3332 a
571 3292 619 3333 me
635 3291 697 3354 quo
713 3269 874 3346 tenderem,
893 3283 927 3334 et
940 3267 1073 3331 indicans
1085 3268 1175 3343 viam,

373 3370 528 3452 Strophius
539 3370 714 3435 Phocensis:
736 3370 797 3434 hoc
808 3370 888 3433 enirn
903 3368 935 3432 in
945 3367 1189 3433 confabulatione
1205 3367 1310 3433 didici:

373 3475 536 3560 Siquidem,
553 3475 584 3539 Ο
599 3474 717 3555 hospes,
732 3473 769 3536 ad
784 3474 885 3559 Argos
899 3470 1104 3554 proficisceris,

374 3578 557 3651 Parentibus,
580 3577 706 3640 omnino
721 3577 900 3652 recordatus,

374 3682 535 3747 Mortuum
550 3683 690 3747 Orestem
705 3703 800 3758 narra,
822 3704 861 3744 ne
876 3679 1061 3743 obliviscare.
1201 3681 1207 3735 l
1231 3746 1233 3749 ,
1330 3677 1394 3742 680

375 3782 443 3848 Sive
457 3781 547 3869 igitur
562 3807 597 3846 ea
611 3783 714 3864 opinio
727 3782 895 3846 amicorum
911 3781 1022 3858 vincet,
1037 3795 1071 3844 ut
1084 3777 1252 3855 revehatur,

377 3883 433 3947 Seu
449 3899 483 3947 ut
498 3883 652 3969 inquilina,
675 3883 707 3945 in
721 3899 867 3946 aeternum
881 3883 997 3962 hospes,
1089 3883 1093 3888 ’

377 3985 549 4067 Sepeliatur,
563 4007 668 4049 eorum
683 3985 822 4049 mandata
835 3983 1010 4048 transmitte.

377 4089 473 4154 Nunc
484 4088 565 4154 enim
580 4089 670 4153 latera
685 4111 768 4151 urnae
783 4087 903 4151 aheneae

380 4188 523 4255 Cinerem
539 4189 676 4272 operiunt
691 4189 744 4252 viri
759 4187 866 4252 merito
880 4186 1033 4267 deplorati.

378 4293 458 4358 Haec
472 4295 549 4358 sicut
563 4293 672 4369 audivi,
692 4291 835 4355 enarravi.
879 4291 993 4354 Utrum
1007 4307 1078 4352 vero

376 4394 532 4458 Dominos
544 4410 575 4457 et
588 4394 690 4458 affines
705 4393 854 4477 alloquor,

379 4494 510 4572 Nescio;
532 4511 663 4562 atamen
677 4508 829 4576 parentem
843 4513 930 4559 nosse
945 4489 1089 4576 oportuit.
