2958 4938
607 255 994 329 cnonrnonrs.

269 476 273 481 .
375 412 459 478 Cum
471 411 690 499 hnc'adversus
703 434 773 477 eum
788 428 937 497 patrasset,
957 411 1007 477 hic
1022 411 1140 495 sepelit;

375 514 511 578 Mortem
525 512 630 577 inferre
644 511 768 595 cupieos

374 612 453 679 Non
466 612 648 677 tolerandam
663 637 730 678 aevo
744 629 807 679 tuo.

376 713 473 779 Audis
485 729 605 794 paterna
619 714 788 795 opprobria,

374 812 561 903 Colligisque
575 828 727 896 paternam
741 838 859 881 necem.
916 892 918 895 ¹

375 916 444 1002 Ego
459 937 530 980 vero
543 915 647 980 secessi

373 1015 537 1093 inhonora,
559 1014 646 1080 nssrili
659 1016 811 1082 aesritnata.

377 1115 526 1181 Conclavi
539 1116 661 1181 exclusa
673 1119 763 1181 instar
775 1116 859 1183 canis
873 1114 987 1196 noxiae,

375 1215 576 1299 Promptiores
590 1217 649 1281 risu
663 1217 757 1282 effudi
770 1219 949 1307 lachrymas,

374 1316 520 1382 Gaudens
534 1319 616 1403 quod
627 1319 798 1384 luctuosum
812 1321 961 1408 gemitum
975 1318 1202 1385 absconderem·

375 1418 456 1484 Haec
470 1417 590 1483 audiens
603 1418 706 1483 animo

373 1517 524 1599 Insculpe,
545 1539 596 1600 per
611 1541 695 1582 aures
708 1541 780 1585 vero
1138 1598 1143 1609 ι

371 1617 494 1703 Trajiee
505 1638 673 1683 sermonem
687 1619 771 1697 hunc,
787 1620 818 1684 in
831 1621 962 1686 sedatam
975 1619 1068 1685 animi
1082 1618 1177 1685 basin.

375 1719 456 1785 Haec
470 1717 552 1782 enirn
567 1719 609 1783 sic
623 1741 654 1783 se
666 1720 795 1785 habent:

252 1806 256 1813 ⁴
374 1818 504 1904 Reliqua
516 1818 578 1901 ipse
593 1817 784 1904 Agamemnon
797 1820 898 1885 audire
912 1818 1010 1907 gestit.

374 1918 528 1982 Convenit
541 1936 640 1982 autern
654 1919 808 1983 inflexibili
820 1923 928 1985 robore
940 1921 1096 1987 advenirea

376 2019 430 2084 Te
444 2019 529 2091 dico;
551 2018 627 2083 adsis
640 2019 754 2096 amicis,
769 2036 861 2103 pater.

375 2120 446 2206 Ego
458 2118 579 2206 quidem
593 2119 865 2208 alloquor‘lugens;

375 2222 484 2286 Coetus
498 2243 568 2284 vero
582 2236 663 2285 totus
677 2221 715 2286 ite
729 2224 888 2302 acclamat,

375 2322 458 2391 Audi
473 2322 504 2385 in
518 2322 617 2387 lucem
629 2345 771 2401 reversus,

377 2424 417 2489 Et
431 2423 575 2504 opitulare
587 2423 725 2487 adversus
739 2425 848 2488 hostes.

377 2524 461 2589 Mars
476 2522 571 2586 Marti
583 2521 745 2599 confertur,
766 2524 897 2590 vindicta
911 2524 1062 2591 vindictae.

376 2623 463 2689 Eheu
477 2623 531 2688 Dii
545 2621 551 2685 !
577 2622 708 2704 perficite
717 2626 806 2709 juste.

374 2727 506 2791 Tremor
519 2724 594 2788 mihi
604 2726 734 2808 subrepit
747 2727 877 2792 audienti
889 2726 944 2792 hes
957 2748 1069 2811 preces.

375 2826 485 2890 Fatum
499 2826 674 2913 abantiquo
688 2843 806 2904 maner;

376 2916 568 2991 Precantibus
581 2942 681 2991 autem
694 2929 845 2993 adveniat.-

278 3050 282 3057 ’
328 3049 331 3057 ’
377 3027 451 3090 Heu
461 3027 545 3090 labor
557 3027 809 3113 consanguineus,

376 3126 418 3193 Et
430 3127 597 3213 incongrua
609 3127 750 3192 vindicte
817 3166 820 3175 =

377 3225 615 3314 sanguinolenta
628 3226 733 3316 plage!

377 3329 451 3393 Heu
466 3328 630 3414 gemendos
641 3329 840 3394 intolerabiles
852 3327 967 3396 luctus!

377 3430 465 3503 Eheu
480 3430 614 3494 dolorem
629 3453 692 3496 non
706 3433 869 3499 sedandum

376 3530 504 3597 AEdibus
519 3529 685 3612 impactum

378 3630 518 3712 ipsorum
529 3631 696 3711 voluntate·
715 3655 778 3698 non
791 3635 829 3698 ab
844 3634 908 3699 aliis

380 3731 484 3797 Extra.
527 3733 573 3796 Ut
587 3750 688 3797 autem
702 3735 739 3798 ab
752 3735 821 3816 ipsis

379 3832 418 3898 ln
432 3847 577 3896 aeternum
590 3834 852 3913 haeeavertantur,
874 3836 1106 3923 sanguineorum

380 3932 520 3999 Deorum
534 3935 589 3998 sub
605 3952 680 3999 terra
691 3935 742 4000 hic
755 3953 798 4000 est
810 3936 953 4024 hymnus.

635 4093 973 4188 AnAoAEsTi

381 4252 500 4318 Verum
513 4252 673 4330 audientes,
691 4254 769 4318 beati
783 4269 929 4319 terrestres
944 4255 998 4334 dii,

383 4352 474 4419 Hanc
489 4355 701 4438 precationem,
715 4356 825 4421 mittite
838 4362 928 4437 opem

281 4460 286 4469 “
373 4453 496 4547 ‚Liberis
510 4459 644 4527 lubenter
656 4456 694 4521 ad
709 4457 876 4529 victoriam,
