2992 4942
216 322 354 392 uorsa
376 320 517 389 vanu.
540 318 597 387 nr
616 317 820 387 1111111111
844 315 1139 391 patronoue.
1219 296 1280 403 rsa

98 486 171 562 aab·
204 482 396 561 mensulem
431 499 540 565 neque
567 477 702 543 omnino
738 476 939 566 prsetervidit
968 472 1071 543 Stanl.
1113 477 1148 542 in
1183 480 1280 550 notis.
1358 543 1363 552 .

99 568 128 631 S.
143 566 304 632 Barnun.

135 665 163 730 t.
176 661 249 719 843.
271 670 306 717 ΕΙ
329 666 408 717 rte.
445 651 537 717 Sumi
553 672 647 752 posse
662 650 791 715 videtur
804 653 860 715 dni
875 660 910 716 τῦ
920 655 977 729 slis,
992 650 1137 736 vertique
1149 652 1282 723 rabaam.

98 736 279 805 derasen.
314 738 430 803 Versio
445 737 631 811 Stanleraua
646 736 756 802 multis
772 738 877 810 modis
893 738 927 801 in
942 736 995 800 his
1008 737 1282 826 monostrophicis

99 841 215 912 manat.
267 824 382 890 Verior
407 824 631 911 interpretatio
656 824 729 889 haec
745 839 814 889 est.
863 822 900 888 Si
917 824 998 888 enim
1018 834 1092 887 ante
1114 822 1213 891 Ilium
1241 828 1283 895 ab

21 960 23 971 ,
98 911 191 1000 aliquo
215 909 394 1010 lqciorum,
430 907 461 975 0
484 920 589 1010 poter,
623 908 713 975 basta
763 931 897 976 ercussus
927 909 1122 988 occubuisset,
1157 913 1284 980 virtutis

19 1012 20 1017 ’
99 1010 154 1062 tue
165 997 301 1086 glomum
316 997 516 1062 hereditatis
531 998 631 1061 instar
639 933 775 1085 fumida
790 1007 850 1060 tua
865 995 1042 1083 reliquisses,
1058 994 1286 1086 liberorumque
1338 1051 1340 1055 «

101 1093 216 1149 tuorum
230 1085 301 1149 ritu
321 1104 449 1148 auream
469 1093 500 1149 et
513 1081 711 1149 innuendam
715 1082 885 1173 fortunam
903 1104 1052 1168 perones,
1074 1081 1285 1172 habuissetque
1400 1115 1401 1119 ¹

100 1169 234 1235 interra
256 1171 465 1235 transmarina
492 1170 527 1233 iu
552 1167 663 1234 littore
683 1169 820 1235 Troadis
842 1167 1060 1256 amplissimum
1082 1170 1285 1263 sepulchrum,

92 1253 217 1343 formiae
242 1265 302 1321 tuse
326 1255 436 1320 flebile
460 1255 605 1342 quidem,
628 1270 773 1322 attamen
795 1256 839 1320 ob
862 1255 1018 1344 honorem
1041 1255 1102 1320 tibi
1126 1256 1289 1331 tributum,

30 1342 31 1345 ’
102 1342 259 1424 tolerabile,
282 1343 397 1408 amicus
421 1342 532 1429 quippe
553 1342 636 1408 inter
663 1343 775 1408 omues
799 1341 845 1407 ibi
866 1341 976 1406 deeora
999 1352 1096 1405 marte
1117 1341 1286 1430 defunctos,

19 1430 20 1457 I
101 1430 185 1493 uiam
202 1428 261 1494 sub
285 1441 370 1494 terra
395 1429 571 1516 insigniret
601 1429 791 1494 venerandus
817 1450 883 1505 reu,
919 1438 950 1491 et
970 1449 1156 1493 summorum
1178 1453 1286 1520 regum

93 1515 180 1600 apud
202 1513 318 1605 inferos
337 1516 555 1602 imperantium
580 1514 728 1580 Plutonis
751 1529 785 1579 et
809 1514 1009 1613 Proserpinae
1030 1514 1177 1598 sacerdot,
1204 1530 1287 1600 (eras
1321 1566 1351 1602 .-

104 1602 186 1683 enim,
207 1602 313 1689 quoad
334 1601 456 1667 vivebas
473 1622 529 1666 ren
549 1622 585 1667 eu
606 1622 711 1667 eorum
733 1623 859 1666 numero
882 1622 936 1687 qut
956 1621 1067 1664 muniar
1089 1602 1207 1689 regium
1227 1606 1288 1671 sibi

30 1672 36 1711 ³
96 1686 166 1772 sato
194 1688 345 1755 creditum
372 1698 438 1752 tum
469 1687 587 1754 virtute
620 1688 728 1753 bellica
763 1698 830 1752 tum
858 1687 1011 1774 sapientia
1042 1696 1071 1750 et
1109 1689 1288 1774 eloquentia

99 1773 241 1859 papirium
266 1773 454 1839 demulcente
478 1776 619 1854 ornant.)
664 1773 731 1840 Nec
750 1772 903 1862 prtffecto,
925 1772 952 1837 si
970 1784 1043 1838 unte
1060 1771 1160 1862 Trsq'ce
1174 1779 1288 1843 munia

105 1861 288 1940 occubuisset,
315 1863 348 1926 in
370 1860 463 1925 turba
489 1861 620 1924 militum
640 1862 857 1948 gregariorum
870 1858 982 1923 ibidem
1004 1858 1048 1922 ad
1063 1857 1289 1930 Scamandrum
1403 1942 1406 1947 Α

19 1968 23 1979 ·
95 1945 368 2034 fluuiumsepullus
382 1968 463 2011 esses.
502 1945 632 2012 Utinam
649 1947 747 2036 igitur
755 1947 941 2032 priusquam
954 1945 994 2009 ric
1009 1944 1066 2010 sub
1085 1945 1291 2036 interfectoris

30 2085 33 2093 .
94 2028 192 2097 'mnu
208 2034 403 2112 occrrbuisses,
425 2054 479 2097 nos
498 2055 513 2098 e
535 2033 705 2119 longinquo
712 2033 819 2121 potius
831 2042 961 2097 mortem
976 2041 1063 2096 tuam
1078 2035 1290 2103 renunciatum

30 2176 32 2185 .
106 2120 314 2187 dedicaremus
328 2119 534 2205 bisquemalis
550 2119 904 2185 omnibusaumissemur.
951 2117 1111 2184 Sarsura.
1224 2132 1243 2201 j

19 2216 49 2293 '3
142 2216 258 2282 1.,347.
282 2198 426 2270 1111111111
448 2222 493 2268 ra
512 2221 728 2291 ,uasere-sorr,
751 2237 778 2270 κ.
794 2236 821 2270 e.
836 2226 864 2270 n.
910 2203 1156 2291 liberorumque
1169 2207 1239 2273 nitu
1253 2220 1291 2274 ac

19 2304 37 2365 ,,“
106 2292 188 2358 rebus
198 2293 328 2382 felicem
357 2301 479 2356 atatem
509 2291 657 2357 condens:
694 2297 813 2363 senellae
842 2291 972 2380 elegans
1001 2291 1057 2371 ita,
1093 2307 1128 2356 et
1156 2308 1292 2377 notum3

108 2385 243 2464 tenram·
273 2400 339 2465 que
365 2389 480 2443 urentes
505 2388 535 2442 et
563 2379 666 2443 oculos
685 2379 720 2442 in
742 2400 773 2443 se
800 2387 970 2445 concertat.
1005 2377 1132 2443 Pauw.
1192 2379 1290 2446 Haud

32 2520 33 2527 ,
108 2467 232 2532 omuino
247 2464 404 2531 absimilis
419 2478 469 2529 est
484 2463 617 2531 Pindari
633 2465 724 2530 loeus¹
740 2465 838 2537 Nem.
851 2462 952 2529 VIII.
968 2463 1021 2529 60.

401 2595 563 2658 *laub
585 2599 702 2664 κιλιῦθοις

266 2733 269 2738 .
315 2688 442 2751 ’Annaea
464 2681 527 2760 ζωᾶς
552 2685 725 2762 ἐφαπτοίμαν)
747 2684 821 2745 barbe
841 2691 870 2749 bs

315 2771 401 2831 nani
423 2777 490 2840 κλίος
511 2767 547 2848 ult
569 2773 597 2832 rl
619 2770 749 2849 δύσφαμον
770 2773 912 2852 ωςοσάψω.
978 2768 1011 2832 S.
1029 2767 1194 2836 Burtntt.

148 2914 177 2977 r.
192 2906 269 2976 349.
304 2913 548 2963 nonrxorrou
582 2917 631 2964 au
665 2914 780 2964 arxes.
836 2899 987 2965 Formam
1014 2924 1088 2986 quae
1113 2917 1192 2969 tunc
1227 2921 1297 2977 erat

113 2988 235 3052 abono
273 2987 478 3050 observatore
508 2983 673 3050 Cbeualier
708 2985 809 3050 disee.
855 2985 939 3051 Eum
969 3010 1039 3074 quse
1067 2989 1101 3052 in
1133 2989 1232 3076 Sigeo
1262 3011 1297 3066 et

112 3076 231 3161 campis
254 3071 308 3137 Ilii
331 3073 413 3137 vidit
438 3072 601 3136 verissime
623 3072 822 3158 exposuisse,
857 3095 915 3158 pro
943 3074 1129 3138 testimonio
1146 3074 1298 3148 dicemus

23 3222 26 3229 ,
114 3179 152 3224 ex
173 3160 329 3224 relatione
356 3158 486 3222 comitis
511 3176 623 3223 eorum
644 3159 796 3224 itinerum
818 3158 877 3225 viri
901 3159 1071 3227 cultissimi
1086 3160 1299 3252 ejusdemque

115 3247 228 3311 vittate
264 3244 394 3310 verendi
425 3244 512 3309 Abb.
540 3243 692 3323 Gelborn,
727 3266 825 3330 quem
862 3268 1006 3335 praeceps
1043 3245 1147 3313 futuru
1179 3250 1297 3318 officiis

115 3353 247 3416 quorum
294 3331 564 3418 religiosissimus,
605 3330 721 3395 amicis
756 3353 894 3416 quorum
943 3334 1170 3420 integerrimus
1219 3355 1298 3424 erat,

19 3442 20 3453 ¹
115 3416 315 3485 Vindobona
331 3437 434 3502 nuper
448 3416 600 3504 abripuit.
646 3415 896 3482 Io.Mur.nan.
1202 3452 1205 3456 ·

30 3562 33 3569 ,
155 3513 272 3571 l-850.
297 3518 518 3573 ΔῙΑΠΟΝΤΙΟΥ
540 3518 618 3567 ΓΑΣ.
665 3510 813 3574 niarium
834 3504 921 3568 idem
937 3506 1025 3590 quod
1041 3509 1198 3588 magnimos
1211 3510 1301 3596 quod
1359 3564 1362 3569 .

27 3650 29 3671 ‚
115 3584 283 3662 habuimus
304 3591 338 3654 in
363 3591 479 3676 Agam.
500 3601 530 3666 r.
545 3597 621 3655 aab.
660 3587 700 3652 In
726 3589 840 3654 lexicis
870 3594 1009 3660 διαπόντιος
1037 3591 1182 3657 redditur
1205 3599 1312 3679 mari·¹

28 3662 33 3709 ¹
118 3676 205 3740 timus
227 3692 262 3741 et
287 3687 400 3753 uentus<
426 3680 568 3746 baroniae
596 3674 759 3763 Interpres
781 3674 931 3764 Thucyd.
945 3677 973 3742 Ι.
997 3683 1069 3744 141.
1099 3680 1196 3746 vertit
1221 3681 1321 3751 bellu

26 3824 28 3833 ,
119 3765 294 3828 maritimo:
326 3763 490 3826 debuisset
520 3763 553 3825 ni
587 3761 681 3826 fallor
704 3764 848 3843 reddere,
877 3762 1101 3844 tiansmurina,
1124 3786 1195 3849 quae
1221 3771 1304 3835 mari

120 3849 253 3934 trajecto
292 3862 458 3935 geruntur.
502 3847 626 3912 Glossae
659 3847 854 3914 Philoxeni:
884 3854 1033 3928 berlum,
1062 3854 1309 3924 transmarinus.'

123 3932 171 4014 Et,
191 3939 339 4015 bart-ssa,
359 3944 530 4018 permanet.
557 3932 621 4021 leg.
658 3955 693 3998 er
708 3957 795 4001 mare
814 3938 1099 4024 attenuataexpl.
1117 3947 1307 4007 transmare
1389 3950 1396 3956 ’

19 4010 32 4061 ³³
121 4021 153 4083 in
175 4022 282 4088 Gloss.
300 4021 549 4087 Latino-Grec.
594 4019 647 4085 C.
670 4023 805 4086 omnino
823 4021 947 4088 Pollue.
959 4021 988 4087 Ι.
1005 4027 1078 4096 179.
1101 4036 1135 4087 et
1155 4023 1215 4091 VI.
1235 4035 1308 4104 198.

121 4106 310 4172 Anurscrr.
1096 4114 1100 4119 ’
1217 4138 1221 4147 ’

162 4201 710 4268 r.351.aoun21urroorrrrou.
763 4192 901 4258 AEdibus
930 4190 1121 4261 toluubilem
1150 4195 1220 4262 seit.
1244 4199 1308 4264 tuis

123 4275 359 4364 liberorumque
384 4278 514 4342 tuor'utn
543 4279 691 4365 propriis.
729 4279 850 4350 Pauw.
907 4277 1062 4364 AEdiflciis
1098 4281 1234 4368 amplum
1266 4287 1308 4350 ab

26 4427 29 4439 ,
125 4363 376 4449 dqqtoabuudo.
425 4363 572 4429 Haurit.
759 4378 767 4387 ”
1179 4403 1181 4407 ⁷

166 4466 196 4518 r.
212 4457 286 4516 854.
308 4464 408 4514 uara
430 4463 587 4515 xeouor.
633 4448 699 4517 Sub
714 4446 799 4516 terrb
814 4451 929 4517 nonin
945 4460 1042 4517 terra.
1086 4452 1211 4520 Prun.

21 4532 24 4543 '
168 4539 284 4614 autb.
309 4550 532 4621 nrouoaoa
555 4544 606 4601 ru
637 4551 722 4602 rau
752 4539 968 4605 marturinis
998 4542 1186 4607 xaou'ruu
1213 4557 1251 4609 rt
