2960 4938
265 372 371 444 cuM
395 371 533 443 NOTIS
556 368 697 442 VARR.
720 372 777 443 ΕΤ
799 371 1001 443 BUTLERI
1024 373 1172 444 CRITT.
1273 388 1313 446 51

122 517 269 587 absolute
283 523 405 588 meum
421 532 481 603 est,
496 520 610 587 melius
623 533 734 587 tamen
748 521 809 595 erit
824 522 851 587 si
866 545 925 611 pro
940 528 1124 606 tpaeaxetteln
1138 523 1315 590 scribamus

122 610 306 689 ἰμασχάλιζιι.
353 608 409 674 Sic
431 610 518 673 enim
544 608 609 674 duo
636 607 737 674 habes
758 615 898 690 tremat
924 611 965 676 de
986 631 1051 675 una
1072 623 1209 698 agente:
1233 610 1316 695 quia

21 714 22 719 ¹
121 704 154 755 et
175 701 207 765 ὣς
227 701 283 758 τότ’
295 697 349 778 rix·
372 696 413 761 de
430 694 676 784 Clytaemnestra
697 695 743 760 sic
758 697 901 784 perbene
915 696 1022 785 accipi
1039 711 1166 784 potest3
1188 705 1225 761 ot
1241 707 1314 760 turre

120 787 201 858 erat,
224 781 346 845 caedem
360 781 497 870 spirans,
519 782 607 847 caede
621 797 754 869 peracta
767 793 802 846 et
815 782 966 848 manibus
980 784 1143 848 cruentis:
1165 784 1316 863 egdoram

119 865 219 928 sumsi
243 867 321 957 quia
343 872 455 952 legam
479 868 648 935 scribitur:
681 867 736 933 alii
762 868 884 937 malent
909 868 993 933 forte
1019 873 1167 954 σςάξασαι
1191 868 1316 933 famant

117 949 200 1035 quid
236 953 347 1018 velint.
393 954 537 1021 Praesens
563 954 683 1019 sufficit
712 955 800 1021 haud
831 954 938 1019 dubie.
983 954 1102 1019 Versus
1133 968 1182 1019 est
1208 953 1316 1040 Asyn·

118 1049 212 1100 artet.
237 1059 257 1102 e
277 1039 389 1127 penth.
412 1040 517 1107 lamb.
544 1042 597 1106 cui
620 1041 759 1129 proinde
781 1042 848 1108 vim
871 1041 1031 1106 intulisset
1055 1040 1188 1106 Canteri
1211 1049 1316 1112 ὑςτῦτ)

118 1124 189 1207 εἰδῇς,
213 1125 270 1210 qui
295 1126 406 1191 saltem
429 1125 538 1215 legere
555 1129 718 1193 debuisset
732 1137 762 1199 ὣς
775 1131 830 1190 aab·
845 1130 916 1215 ιυῇς,
940 1127 1028 1214 quod
1043 1149 1107 1215 ego
1123 1141 1232 1191 tamen
1247 1147 1315 1193 non

116 1206 224 1294 magis
258 1233 355 1297 quam
383 1212 517 1280 alterum
553 1215 741 1302 probassem
775 1228 904 1302 reperto
931 1213 1067 1278 meliori.
1120 1213 1239 1277 Versus
1263 1234 1315 1289 se·

116 1295 245 1361 condus
266 1312 316 1363 est
341 1298 446 1366 Iamb.
472 1301 553 1368 dim.
591 1300 718 1366 Psuw.
758 1304 975 1383 Ἐμασχαλίσθις
995 1301 1204 1371 debueritne
1219 1297 1315 1363 Med.

116 1381 337 1464 Ἐμδσχαλῖσθης
358 1388 382 1448 dl
408 1390 539 1458 sur-mido
562 1386 639 1453 Ald.
682 1389 896 1469 Ἐμασχαλίσθης
918 1390 942 1450 di
963 1397 1009 1458 τῦς
1029 1392 1082 1450 'to‘s‘
1095 1389 1155 1473 'Vl‘
1171 1383 1315 1471 Guelpll.

117 1472 328 1550 Ἔμασχαλάτθη
349 1474 437 1543 teas.
459 1476 537 1544 sullas
558 1473 646 1540 Rob.
670 1496 746 1539 cum
761 1472 894 1539 stellula.
940 1471 1210 1538 Emendationern
1228 1469 1316 1535 Cau·

116 1553 176 1618 teri
200 1556 301 1621 modo
350 1580 386 1623 ro
407 1569 467 1623 φῶτ’
483 1575 659 1647 reponatur
678 1562 733 1625 τόδ’
749 1573 786 1626 ut
811 1559 940 1625 monuit
965 1559 1075 1626 Poura.
1093 1557 1315 1646 recipiendam

117 1638 282 1709 duxerunt
341 1645 428 1711 eath.
452 1645 585 1712 Schutz.
607 1645 723 1712 Herm.

158 1737 189 1803 γ.
203 1737 279 1828 4344.
309 1748 443 1799 Ante.
494 1738 580 1818 Αῐπις
608 1732 717 1800 Pears.
752 1731 887 1799 Schutz.
917 1729 1035 1807 Herm.
1059 1727 1149 1817 quod
1179 1728 1314 1794 omnino

116 1834 192 1879 rece
217 1838 309 1885 erim.

158 1838 283 1977 tlibi).
304 1920 472 1970 KTEINAI.
526 1917 613 1971 erbas
638 1906 727 1972 Rob.
752 1919 786 1972 et
812 1905 859 1971 sic
888 1917 963 1993 post
991 1902 1171 1970 Caeterum
1200 1901 1313 1968 Pauu-

116 1988 206 2071 quod
229 1992 450 2057 emendationi
473 1992 575 2059 Stanl.
600 2000 693 2060 nerbas
718 1992 869 2081 praetulit,
899 2013 970 2077 qnae
993 2003 1101 2057 tamen
1127 1989 1223 2054 unice
1240 2007 1316 2063 vera

115 2087 176 2154 est,
199 2078 287 2162 quod
312 2098 353 2142 ex
379 2093 485 2144 metro
510 2091 611 2167 patet,
646 2101 783 2166 eamque
805 2078 928 2144 stabilit
952 2089 982 2155 y.
995 2086 1070 2152 849.
1092 2085 1171 2152 αἰῶνα
1190 2081 1314 2147 estavar.

115 2170 201 2224 Θιῖναι
215 2164 313 2228 etlam
331 2163 454 2231 Heath.
471 2173 579 2231 καθεῖναι
595 2164 727 2237 Schutz.
747 2175 774 2230 l.
821 2164 872 2231 Ex
887 2175 980 2229 uerba·
994 2174 1105 2244 pupius,
1119 2166 1148 2237 yl
1163 2170 1315 2242 μαιμοιμέιφ

113 2245 227 2400 {ignit
249 2248 366 2318 Herm.
388 2274 487 2340 quem
512 2252 656 2342 sequitur
682 2252 817 2323 Schuta.
832 2261 865 2318 2.
911 2249 1000 2319 Mox
1027 2254 1145 2334 ἅφεςκτοι
1168 2240 1314 2334 Guelpb.

155 2432 188 2495 r.
204 2429 281 2488 441.
307 2440 447 2493 xnrntt.
501 2431 579 2495 rat..
608 2425 684 2495 Ald.
718 2425 807 2495 Rob.
864 2423 967 2492 Hunc
998 2444 1125 2497 versum
1152 2416 1316 2502 uncinulis

113 2504 247 2577 inclusit
282 2509 414 2579 Schutz.
450 2525 484 2578 et
523 2537 544 2584 a
573 2512 675 2581 sciolo
711 2513 856 2599 quodam
892 2509 1081 2583 confectum
1118 2509 1315 2584 arbitraturt

113 2593 283 2683 multoque
304 2598 411 2685 aptius
435 2598 597 2666 cohaerere
617 2599 748 2685 judicat
772 2610 804 2675 7.
819 2606 896 2664 440.
919 2612 954 2662 et
979 2603 1099 2673 prta.
1127 2594 1191 2658 hoc
1222 2591 1317 2656 addi·

112 2689 260 2748 ramento
282 2684 401 2770 ejecto.
446 2685 511 2751 Sed
532 2687 605 2773 quis
627 2708 692 2751 non
718 2685 864 2753 videtin
887 2703 978 2747 versu
1004 2681 1156 2770 proximo
1177 2687 1258 2755 atrae
1272 2675 1315 2741 ad

111 2770 191 2840 κλῦιις
205 2768 273 2848 illc,
296 2784 330 2835 et
345 2771 391 2836 lbi
406 2775 533 2857 margolius
545 2772 587 2837 ad
602 2776 733 2854 mergulus
747 2769 803 2839 hic
819 2769 954 2839 omnino
970 2768 1106 2847 referri?

155 2851 245 2920 Ibid.
269 2872 555 2923 Arzsrrtrort.
594 2858 663 2929 Δυὰς
677 2865 771 2937 talpae
786 2878 862 2923 cum
878 2853 1035 2935 Stauleio,
1052 2854 1161 2920 Pears.
1201 2849 1315 2936 Nuga-

112 2950 165 3005 tur
209 2940 361 3011 Pauuius
406 2945 485 3011 dum
525 2944 689 3032 vulgatam
737 2944 848 3009 studet
885 2940 1061 3027 explicare,
1107 2958 1206 3029 quam
1251 2957 1315 3000 nec

112 3025 257 3114 OEdipus
279 3030 434 3117 expedire
461 3034 592 3118 poterit,
624 3044 657 3096 et
680 3029 863 3118 elegantem
889 3025 1024 3095 Stanleii
1049 3023 1315 3092 emendationem

105 3113 268 3201 misianum
291 3137 398 3187 revere
428 3133 536 3189 vocat.
595 3117 686 3190 Quin
712 3130 747 3182 et
772 3115 936 3204 vulgatam
963 3111 1220 3201 quodammodo,
1256 3107 1314 3173 sed

108 3199 239 3280 frustra,
261 3202 425 3290 explicare
449 3202 550 3270 voluit
576 3203 700 3270 Heatb.
755 3202 840 3283 Vide
870 3202 974 3269 Notas
1005 3201 1098 3279 Varr.
1127 3194 1314 3283 Philologg.
1423 3276 1428 3285 .

108 3285 385 3454 {Emendatiouem
410 3284 544 3356 Stanleii
570 3292 696 3380 recepit
724 3291 816 3357 Pors.
841 3289 898 3379 qui
924 3300 958 3352 et
980 3290 1102 3374 ωατςῴες
1125 3306 1184 3373 per
1206 3282 1312 3348 crasiu

120 3394 138 3438 e
164 3391 202 3443 rt.

139 3397 277 3543 31442.
308 3479 432 3545 natata
464 3480 657 3533 HATPtttorr
692 3479 832 3535 MOPON.
888 3462 986 3533 Forte
1017 3460 1178 3550 glossema
1207 3451 1316 3552 inquit

108 3545 229 3624 Petrus
254 3547 437 3618 Needhum.
486 3550 609 3629 Melius
638 3552 745 3618 Pears.
774 3551 863 3621 huuc
888 3571 1016 3616 versum
1043 3547 1168 3611 Orestae
1189 3538 1315 3618 triburt,

104 3654 221 3786 puem·
255 3639 408 3722 proximo
446 3660 538 3703 versu
576 3637 706 3705 Electra
740 3636 876 3723 excipit.
937 3636 993 3701 Sic
1016 3645 1101 3733 ‘post
1133 3626 1315 3693 Stanleium

138 3742 273 3800 auwrus,
309 3723 432 3789 Heatb.
465 3725 600 3801 ¹Schutz.
635 3725 751 3792 Herm.
822 3725 952 3803 nescite
981 3733 1080 3787 ettam
1119 3729 1195 3779 ante
1235 3723 1316 3787 λέγεις

106 3804 321 3893 Hermannus
346 3810 523 3877 rescribere
549 3811 665 3890 voluit,
695 3822 801 3875 metro
827 3807 923 3873 simul
948 3820 983 3874 et
1006 3802 1165 3901 emphasi,
1188 3813 1224 3863 ut
1249 3796 1313 3895 ipsi

105 3893 291 3975 videbatur,
313 3897 496 3963 consulens.
543 3897 596 3964 Ita
620 3897 720 3963 etiam
744 3896 876 3961 Schutz.
892 3905 923 3961 2.
970 3893 1035 3959 Sed
1058 3887 1161 3976 qualis
1184 3896 1233 3982 est
1256 3883 1314 3947 hrc

105 3980 264 4063 senarius,
293 3983 361 4070 qui,
395 3997 432 4049 ut
463 3984 612 4051 omittant
641 3983 833 4071 languidum
862 3980 942 4046 illud
968 3981 1096 4063 ceretto
1126 3981 1313 4060 repetitum,

77 4088 183 4132 .cum
207 4068 356 4135 inversu
384 4071 590 4158 praecedeute
615 4075 731 4155 πατρῷοι
753 4069 911 4155 scriptum
937 4078 1017 4144 erat,
1039 4080 1160 4127 caesura
1184 4077 1314 4144 prorsus

105 4154 305 4221 destituitur.
353 4155 518 4223 Omissum
546 4172 596 4223 est
610 4158 666 4222 hic
680 4155 888 4241 aliquidsiue
904 4152 1017 4234 dubio,
1043 4170 1072 4212 e.
1087 4168 1121 4234 g,
1135 4146 1315 4219 luamleaeu

105 4239 158 4325 pel
173 4239 238 4307 tale
252 4240 387 4331 aliquid.
432 4243 650 4309 scribendum
666 4243 777 4331 igitur,

322 4382 410 4452 Ar‘yrre
431 4376 547 4458 ooerqq‘r'or
583 4393 606 4436 t
643 4394 665 4437 Ω
700 4392 722 4434 ¹*
758 4391 780 4434 ᾖ
812 4370 895 4456 piper.

105 4509 224 4592 Πατςῇοι
246 4504 348 4574 habet
374 4507 466 4574 Pors.
482 4517 515 4574 2.
554 4504 794 4592 Interrogative
824 4504 913 4572 hunc
944 4519 1072 4573 versum
1100 4494 1221 4585 accipit
1243 4491 1314 4573 Du·

106 4591 251 4678 theilius,
275 4592 373 4689 Quoi,
395 4592 495 4685 refut
510 4590 543 4664 ld
556 4614 612 4662 son
626 4589 754 4679 destiti?
824 4684 841 4693 „
860 4676 885 4690 ..
