2924 4936
432 340 839 413 CHOJEPHORAE.

214 496 346 565 Fortasse
360 523 431 565 vero
446 501 548 565 omnia
558 498 713 584 perficiens
726 513 843 582 tempus
852 498 980 564 mutabit

215 599 371 664 Vestibula
384 599 504 677 aediurn,
526 600 647 686 quando
661 599 785 664 adorno

216 699 315 765 Scelus
329 724 421 766 omne
434 701 580 783 expulerit
592 701 794 786 purgamentis

215 803 310 884 Quod
324 804 532 886 expellendum
546 819 599 868 est.
644 806 775 869 Fortuna
789 821 888 869 autem

215 906 325 968 Fausto
340 905 399 969 situ

214 1007 331 1073 Omnia
345 1007 443 1072 videre
456 1022 486 1071 et
500 1008 600 1072 audire
612 1005 799 1088 cupientibus

213 1111 340 1177 AEdium
354 1111 461 1175 incolis

212 1211 326 1277 Rursus
339 1213 354 1253 ⁶
365 1211 460 1278 cadet.
505 1212 600 1281 Adest
615 1227 731 1296 tempus
744 1215 843 1280 lucem
858 1212 984 1280 videndi.

496 1434 729 1510 'IAMBL

72 1586 104 1652 V.
113 1604 226 1659 otssr.
239 1591 349 1658 Videte
362 1593 494 1681 regionis
507 1594 657 1680 duplicem
671 1593 869 1684 tyrannidem,

214 1695 308 1759 Patris
322 1696 377 1759 mei
390 1695 601 1777 interfectores,
621 1698 731 1764 aedium
745 1718 905 1763 eversores.

214 1796 386 1861 Venerandi
400 1797 522 1883 quidem
535 1815 629 1877 erant,
651 1797 684 1862 in
698 1796 812 1862 thronis
825 1797 967 1875 sedentes,
1164 1816 1231 1890 975

214 1900 423 1985 Amantesque
432 1899 525 1963 etiam
539 1922 634 1978 nunc,
655 1914 690 1964 ut
702 1897 853 1982 conjicere
867 1899 994 1964 affectus

216 1999 311 2076 Licet,
327 2013 358 2063 et
370 2016 473 2064 manet
487 1998 700 2065 confirmatum
709 2000 924 2084 juramentum.

215 2101 434 2186 Unajurarunt
450 2099 562 2165 nefarie
575 2101 607 2164 in
621 2116 750 2165 mortem
764 2100 864 2183 patris,

214 2204 347 2288 Unaque
360 2201 447 2265 mori.
490 2199 590 2266 Etiam
603 2202 670 2266 haec
684 2201 849 2265 secundum
858 2202 1063 2286 juramentum
1075 2226 1209 2270 evenere.

213 2304 324 2368 Videte
337 2304 449 2380 denuo,
468 2303 579 2367 horum
592 2303 739 2368 auditores
753 2304 914 2384 malorum,
1167 2308 1233 2396 980

215 2403 400 2482 Artificium,
422 2403 579 2469 vinculum
592 2404 701 2469 misero
715 2404 801 2486 patri,

213 2507 444 2593 Compedesque
457 2529 604 2572 manuum
616 2522 647 2572 et
659 2508 770 2590 pedum
781 2529 874 2591 pares.

214 2600 392 2687 Extendite,
407 2625 437 2673 et
450 2608 661 2673 circum-circa
673 2624 782 2673 stantes

213 2709 462 2797 integumentum
475 2709 608 2774 virorum
622 2709 777 2788 ostendite,
792 2724 826 2773 ut
840 2710 936 2776 videat
947 2728 1041 2794 pater,

213 2814 291 2878 Non
303 2835 399 2890 meus,
414 2812 465 2876 sed
478 2812 531 2899 qui
546 2812 649 2877 omnia
662 2812 730 2877 haec
746 2811 891 2895 inspectat
1166 2817 1209 2905 98
1210 2836 1231 2903 5

215 2913 278 2990 Sol,
301 2912 393 2995 impia
406 2914 508 2978 matris
518 2936 595 2979 meae
611 2935 711 2995 opera.

214 3017 260 3080 Ut
273 3015 434 3102 aliquando
447 3015 522 3078 adsit
536 3014 611 3079 mihi
626 3013 706 3078 testis
720 3012 890 3099 injudicio,

215 3115 312 3198 Quod
321 3116 401 3200 juste
416 3114 579 3198 perpetravi
592 3114 671 3178 hanc
687 3136 794 3178 necem

210 3218 336 3296 Matris,
353 3216 502 3305 (AEgisthi
517 3217 599 3282 enim
610 3238 673 3282 non
688 3239 826 3282 memoro
840 3238 965 3281 necem:

213 3321 317 3384 Habet
326 3321 410 3383 enim
420 3318 556 3397 adulteri,
576 3333 611 3383 ut
623 3340 676 3400 par
689 3335 744 3396 est,
757 3317 913 3402 poenamt)
1169 3341 1234 3411 990

217 3423 300 3504 Quae
314 3422 347 3486 in
360 3422 458 3486 virum
472 3422 533 3501 hoc
547 3423 689 3506 concepit
703 3422 817 3500 odium,

214 3527 243 3588 A
256 3547 320 3610 quo
334 3523 496 3596 liberorum
510 3546 587 3589 onus
601 3526 656 3589 sub
671 3547 750 3589 zona
762 3523 912 3599 sustinuit,

215 3627 372 3690 Dilectum
388 3626 512 3707 pridem,
533 3649 615 3691 nunc
628 3648 702 3691 vero
713 3625 832 3703 hostile,
847 3640 882 3689 ut
891 3638 1021 3708 apparet,
1036 3624 1160 3692 malum.

215 3727 301 3809 Quid
316 3728 368 3791 tibi
384 3727 519 3792 videtur?
540 3750 676 3816 myraena
690 3749 742 3790 seu
756 3727 856 3809 vipera
867 3725 935 3803 fuit,

215 3829 299 3911 Quae
315 3843 397 3893 tactu
411 3831 506 3894 alium
519 3829 687 3913 putrefacit,
709 3851 773 3893 non
789 3849 935 3906 morsum,
1170 3849 1211 3918 99
1214 3849 1233 3916 5

215 3930 364 3996 Audaciae
379 3953 469 3994 causa
483 3946 513 3994 et
525 3931 626 4015 injusti
639 3930 742 3994 animi.

216 4032 303 4114 Quid
316 4033 410 4096 modo
423 4031 612 4114 appellarem,
633 4030 771 4118 quamvis
783 4031 905 4096 disertus
916 4029 1031 4094 forem?

215 4129 382 4210 Capturam
397 4128 490 4206 ferae,t
500 4143 552 4191 aut
564 4127 677 4192 mortui
690 4127 813 4211 peditus
828 4127 998 4191 involutum

216 4229 326 4293 loculi
341 4243 561 4316 tegumentum,
583 4243 644 4293 rete
658 4227 748 4315 igitur
762 4243 815 4292 est.

214 4328 393 4397 Reticulum
407 4330 546 4414 appelles,
568 4346 599 4394 et
612 4330 650 4394 ad
663 4330 799 4417 ligandos
813 4330 903 4413 pedes
917 4343 1020 4398 vestes.
1155 4349 1236 4403 1000

360 4513 373 4545 ⁶
391 4513 456 4583 MS.
477 4512 565 4581 cadet
577 4513 613 4576 ad
624 4512 715 4576 lucent
729 4510 885 4576 videndam.
