2960 4938
191 294 294 365 CUM
316 295 457 366 Nonis
478 297 620 368 VARR.
644 297 703 369 ET
723 296 927 370 BU’I'LERI
949 298 1102 370 CRITT.
1191 311 1250 371 101

73 454 200 547 AEgisthi
221 466 256 522 et
283 453 538 543 Clytaemnestrae
564 479 678 525 necem
704 457 925 545 conjunxerit.
978 457 1033 527 cf.
1068 469 1100 535 γ.
1117 456 1191 529 866.
1218 470 1255 524 et

73 567 150 631 seqq.
192 542 256 608 Sed
279 542 368 615 hunc
391 564 520 610 versum
543 544 728 633 interpretis
750 568 820 612 esse
845 544 1005 612 'udicavit
1034 543 1258 625 Hermannus,

74 631 201 717 ideoque·
228 630 348 696 omisit.
394 630 466 696 Nec
492 631 586 699 aliter
611 630 744 698 Schutz.
760 642 793 698 a.
872 630 969 697 ollem
998 631 1145 699 factum:
1179 653 1257 698 nam
1360 636 1364 649 “

74 717 112 784 sic
138 717 316 804 argumenti
355 715 418 782 vis·
443 719 540 806 perit.
606 717 697 783 Deos
728 717 800 804 jam
836 739 934 817 supra
976 719 1186 784 invocaverat
1207 728 1258 783 ct

70 804 227 891 priscorum
245 801 433 890 facinorum
467 805 648 894 sanguinem
678 826 759 871 renco
799 803 938 870 vindmia
979 804 1155 890 expiarent:
1190 803 1261 890 jam

77 889 213 970 subdunt,
254 885 287 954 V
283 898 349 954 etas
381 899 486 955 autem
522 888 613 958 cedes
646 888 733 956 daed
765 889 898 976 amplius
934 889 970 955 in
996 891 1110 957 edeam
1136 890 1262 989 pariat,

81 996 184 1042 ιιιιιιι.
208 996 337 1056 arona
360 974 393 1041 lsi
402 976 483 1064 jure
504 977 591 1044 occisi
600 975 740 1066 fuerint.
786 976 944 1042 Nondum
969 977 1058 1042 enim
1072 978 1173 1043 occisi
1189 991 1265 1043 sunt

79 1062 234 1152 AEgisthns
264 1077 297 1143 et
328 1058 586 1149 Clytaemnestra.
630 1061 713 1128 Orat
735 1063 836 1152 igitur
859 1061 988 1129 Chorus
1012 1075 1049 1128 ut
1064 1063 1137 1150 jam
1183 1064 1266 1130 arist

79 1151 180 1249 domus
205 1150 269 1214 ista
296 1150 385 1235 quod
412 1150 468 1216 diu
492 1150 696 1240 parturierat,
727 1164 762 1217 et
790 1149 855 1216 hoc
880 1161 976 1238 partu
991 1149 1090 1216 finem
1105 1171 1138 1215 m
1171 1168 1267 1217 orum

80 1250 265 1325 experratur.

83 1322 230 1476 dpltssolgl.
256 1335 431 1391 ANlAEiN.
468 1326 520 1388 *Ar
546 1325 604 1388 lists
630 1321 719 1391 Rob.
764 1321 831 1389 Pro
859 1323 946 1400 dreit
968 1326 1050 1406 ονομιι,
1071 1333 1168 1405 marsii
1190 1324 1267 1405 dipem

102 1423 163 1474 ert
220 1429 302 1473 erm.

118 1494 197 1564 lbid.
221 1508 379 1561 amaroz.
427 1495 525 1579 'Aslqa
554 1495 664 1562 Peara
693 1507 728 1563 et
756 1495 867 1564 Paua.
899 1494 956 1581 qui
985 1492 1268 1582 Agamemnonem

83 1580 232 1669 intelligit,
254 1602 331 1646 cum
355 1580 443 1646 euim
468 1581 575 1648 Orcus
600 1587 684 1666 (μέγα
706 1585 775 1646 seim
792 1583 889 1663 sepsos)
911 1579 992 1645 nihii
1007 1580 1126 1647 habeat
1134 1582 1219 1670 juris
1234 1582 1270 1647 in

83 1668 180 1735 virum
202 1666 313 1732 adhuc
337 1665 501 1748 Orestem,
522 1690 597 1734 eum
620 1690 689 1734 non
713 1668 775 1733 nisi
803 1668 845 1733 de
870 1667 1121 1755 Agamemnone
1143 1669 1271 1757 precari

79 1756 179 1872 potuit
208 1751 349 1835 Chorus,
388 1767 426 1821 ut
461 1757 577 1822 umbra
605 1753 675 1842 ejus
705 1754 842 1821 domum
877 1775 1006 1820 reversa
1035 1754 1103 1821 filio
1132 1754 1269 1823 adesset.

91 1845 161 1927 alga
183 1842 315 1929 quoque
337 1839 460 1907 Heath.
484 1842 618 1909 Schutz.
633 1851 665 1908 2.
953 1890 956 1897 -

120 1940 148 2005 r.
163 1935 237 1995 808.
262 1943 437 1993 sennenn
459 1937 506 1996 τ’.
547 1928 651 1994 Abest
676 1927 704 1993 τ’
730 1949 751 1990 a
776 1925 920 2016 Guelph.
944 1925 1020 1994 Ald.
1051 1926 1139 1996 Rob.
1184 1925 1273 1995 Mox

86 2017 179 2105 longis
200 2012 277 2081 Ald.
322 2012 365 2081 Et
378 2014 497 2081 deinde
511 2019 653 2098 :amaseae
667 2033 774 2079 errore
788 2014 865 2079 satis
880 2013 991 2080 obvio.

123 2110 238 2180 i.810.
273 2113 461 2169 ΞΥΑΔΑΒΟΙ.
519 2103 650 2180 flandricus
681 2099 757 2166 ΑΜ.
815 2101 946 2183 septenos
975 2099 1062 2166 Rob·
1117 2100 1203 2169 Haec
1233 2099 1276 2171 ad

88 2192 148 2253 tiss
160 2185 347 2278 parenthesi
362 2187 533 2255 includunt
547 2186 672 2256 Heath.
695 2185 831 2267 Schutz.

124 2284 152 2346 r.
166 2283 239 2342 811.
264 2290 557 2341 aulcororrror.
600 2278 819 2355 'erumnam
840 2272 958 2341 Herm.
973 2271 1030 2361 qni
1044 2269 1142 2337 simili
1157 2275 1278 2341 menda

88 2358 222 2428 laborare
254 2360 355 2427 docet
384 2361 479 2427 Eum.
505 2372 534 2439 y.
551 2366 628 2432 878.
660 2359 732 2444 (ubi
764 2381 823 2460 pro
851 2363 983 2442 δπιφόκις,
1017 2365 1152 2440 tenedum
1186 2361 1280 2431 dedit

90 2445 218 2532 Heath.)
247 2459 282 2513 et
311 2447 411 2517 Pind.
441 2446 683 2536 Pyth.v1.1s.
717 2447 774 2513 abr
793 2466 866 2535 pro
894 2457 1029 2532 σοιυφεςφ
1058 2444 1232 2535 legendum
1259 2470 1280 2516 e

91 2532 190 2688 {phot
215 2539 375 2618 πολυφθόρῳ.
420 2535 646 2608 'amoeniam
674 2531 799 2600 mavult
825 2531 960 2599 Schutz.
974 2541 1007 2600 2.
1042 2545 1080 2597 ut
1108 2534 1280 2623 epitheton

127 2622 251 2688 ercurio
273 2642 293 2684 a
317 2621 390 2686 tius.

127 2715 241 2785 1:812.
265 2642 396 2772 edacis.
439 2716 517 2775 elan
538 2703 632 2775 Med.
659 2703 749 2799 quod
775 2703 974 2771 infinitivum
1002 2702 1164 2789 Doricum
1186 2718 1283 2776 vocat

94 2793 205 2860 Salvin.
250 2804 337 2859 Θιλιῖι
356 2792 476 2863 Jacob.
796 2798 814 2827 ·’
1097 2808 1106 2817 ’

130 2893 159 2960 γ.
176 2889 251 2948 813.
272 2896 438 2946 xrfflznrs.
480 2877 602 2947 Totum
624 2877 714 2947 hunc
729 2898 858 2945 versum
895 2876 1059 2945 lossatoris
1074 2879 1284 2968 essejudicat

93 2964 201 3034 Herm.
223 2966 281 3056 qui
301 2966 349 3035 sic
377 2970 476 3052 ἅκςιτιι
502 2967 604 3052 (quod
633 2988 721 3031 nunc
751 2969 853 3050 κρυπτὰ
872 2901 1000 3053 legitur
1024 2965 1059 3029 in
1083 2988 1177 3034 versu
1200 2971 1285 3055 seq.)

95 3054 251 3143 explicare
273 3053 386 3120 voluit.
432 3052 547 3121 Potius
570 3052 765 3119 crediderim
789 3073 892 3117 unum
911 3064 968 3117 aut
990 3050 1097 3140 plures
1111 3054 1286 3123 versiculos

97 3155 164 3207 ante
177 3139 267 3207 hunc
281 3140 454 3205 excidisse.
498 3137 552 3206 Dc
567 3134 721 3229 Apolline
735 3160 842 3204 sermo
861 3151 912 3203 est
926 3137 1040 3226 procui
1055 3138 1169 3207 dubio.
1225 3182 1229 3189 ·

134 3226 261 3300 atila.
291 3240 463 3292 rrrnrr.
500 3239 716 3292 aaronem.
771 3227 883 3309 κρύπτ’·
905 3227 1017 3289 ἄσκοποι
1049 3225 1160 3294 Pauw.
1194 3226 1287 3294 Pars.

98 3318 200 3468 ἕνεκά
220 3323 251 3394 γ’
274 3311 398 3387 Heath.
418 3312 508 3401 quod
531 3311 688 3379 Schntzio
703 3333 818 3413 parum
833 3310 952 3400 piacet.
995 3315 1124 3395 ”Amissa
1144 3312 1290 3398 multum,

133 3422 212 3468 erm.
294 3462 299 3469 ,
441 3435 447 3439 ·
1025 3434 1033 3459 t

136 3494 249 3565 r..815.
273 3500 349 3552 nro
370 3486 418 3552 ι’.
462 3487 560 3569 nessl’
575 3482 619 3549 G.
635 3480 677 3551 ad
692 3482 804 3570 Marg.
825 3481 905 3549 Ask.

138 3573 224 3641 Ibid.
246 3589 361 3640 «1111111.
406 3573 476 3656 elga
491 3567 537 3638 G.
552 3570 592 3638 ad
609 3569 719 3659 Marg.
742 3569 824 3636 Ask.
852 3579 946 3654 elga<
961 3565 1090 3649 Herm.
1270 3598 1274 3603 ·

139 3660 256 3737 melli.
285 3663 322 3723 A'
340 3673 474 3725 οιΔΕιι.
518 3655 622 3723 Abest
648 3659 675 3719 δ’
700 3680 721 3722 a
746 3653 891 3743 Gueiph.
920 3653 996 3721 Ald.
1028 3654 1129 3723 Turn.
1173 3666 1208 3725 Δ·
1231 3663 1293 3727 iila

103 3743 183 3814 Rob.
228 3745 347 3827 Recte,
362 3744 478 3830 judice
495 3743 605 3809 Pauw.
620 3742 682 3808 nisi
698 3744 781 3810 forte
797 3742 970 3830 legendnm
984 3749 1027 3823 γ’.
1150 3788 1156 3801 .

142 3832 226 3900 ibid·
249 3846 542 3901 ΕΜΦΑΝΕΣΤΕΡΟΣ.
585 3832 763 3916 Ἐμφφιίςιςοι
789 3828 831 3894 G.
859 3829 901 3893 ad
928 3829 1040 3915 Marg.
1072 3829 1154 3896 Aek.
1184 3831 1293 3900 Pom.

106 3915 226 3985 Saluta.
246 3929 273 3985 l.
306 3917 362 4005 qui
384 3917 473 3983 hunc
496 3938 626 3984 sensum
647 3938 717 3983 esse
735 3914 838 3981 voluit
854 3916 954 3982 totius
968 3915 1045 3996 ioci,
1069 3914 1182 3983 Multa
1202 3920 1296 3986 eriam

104 4004 164 4070 clio
185 4005 305 4079 occulta
325 4002 477 4070 revelabit
500 4003 632 4069 oraculis
653 4004 713 4069 suls
737 4000 853 4089 Apollo
875 4004 993 4087 (χμΐζω
1012 4001 1140 4077 scillcet
1160 4028 1227 4072 non
1246 4019 1298 4072 est

105 4091 210 4172 colens,
241 4092 297 4158 sed
330 4090 533 4170 vaticinans.)
588 4088 723 4160 Quando
755 4099 860 4154 autem
889 4087 1047 4155 oraculum
1075 4087 1138 4155 edit
1160 4091 1299 4160 merdam

107 4175 271 4264 impletum,
304 4188 424 4243 noctem
452 4175 527 4242 solet
561 4199 598 4241 ac
631 4177 775 4241 tenebras
805 4173 898 4243 oeulis
926 4173 1078 4264 objiceret
1106 4175 1158 4245 die
1193 4188 1299 4246 erstem

108 4276 207 4330 exorto
236 4265 269 4332 h.
293 4286 324 4330 e.
354 4263 493 4330 oraculis
527 4262 568 4327 ad
597 4263 723 4327 exitum
753 4261 931 4361 perductis,
962 4261 1020 4327 nbi
1049 4262 1142 4348 quasi
1166 4261 1224 4332 lux
1254 4287 1302 4335 ex

109 4351 244 4418 tenebris
278 4350 441 4416 vaticiniis
471 4347 666 4429 offunditur)
694 4346 776 4414 ailrel
804 4357 848 4414 est
881 4369 934 4428 eo,
971 4371 998 4414 ι.
1026 4347 1104 4449 ejus»
1136 4350 1317 4425 vaticiniis

111 4436 219 4504 clarius
233 4447 262 4505 et
278 4436 470 4504 luculentius.
515 4435 570 4501 Sic
587 4430 704 4502 Herm.
748 4432 854 4501 Recte
869 4448 907 4501 at
921 4432 1003 4507 mihi
1017 4435 1156 4507 ridetur.
