2924 4936
574 318 986 388 CHOEPHORAE.

616 556 950 622 EPODICA.

651 738 857 811 STROPH
869 741 905 804 Ε.

283 928 293 955 t
361 894 502 960 Tandem
517 892 638 981 quidem
651 893 770 958 advenit
789 895 918 958 vindicta
933 891 1096 968 Priamidis,

359 995 472 1064 Gravis
486 1018 585 1078 poena.

360 1099 455 1162 Venit
468 1113 568 1162 autem
583 1098 614 1161 in
628 1098 753 1161 domum
769 1090 1007 1183 Agamemnonis

356 1203 482 1284 Duplex
495 1204 553 1279 leo,
576 1202 685 1283 duplex
699 1204 794 1265 Mars.

359 1305 497 1367 Pervenit
509 1303 546 1365 ad
560 1324 713 1365 summum

359 1402 495 1469 Oraculo
510 1403 679 1466 admonitus
696 1403 797 1467 ⁵exul.

357 1505 478 1568 Divinis
491 1504 621 1569 consiliis
634 1506 778 1568 excitatns

356 1606 516 1669 Exclamet
530 1607 637 1671 domus
650 1628 739 1669 causa
753 1620 919 1687 occupata,

360 1708 482 1794 Refugii
497 1710 657 1786 malorum,
678 1726 707 1772 et
721 1708 939 1791 possessionum
953 1708 1103 1788 perniciei,

361 1810 424 1872 Sub
439 1807 567 1872 duorum
581 1809 805 1896 inquinatorum
922 1837 926 1844 ·
955 1798 958 1801 ¹

357 1909 476 1974 Infelici
489 1909 620 1985 fortuna«,

550 2112 1006 2180 ANTrSTRoPHE.

360 2268 492 2332 Advenit
504 2290 576 2331 vero
589 2268 642 2346 illi,
665 2268 714 2331 cui
728 2268 811 2331 cordi
825 2266 881 2331 fuit
896 2266 1015 2331 occulta
1029 2248 1141 2350 dogna,

359 2367 477 2430 Dolosa
491 2390 601 2454 pugna,

356 2466 479 2553 Tetigit
492 2490 563 2531 vero
578 2468 710 2554 gladium
726 2491 818 2533 manu
833 2491 902 2533 vera

356 2567 442 2650 Jovis
456 2566 527 2645 fitia,
547 2568 697 2655 Justitiam
712 2585 812 2635 autem
826 2592 894 2645 eam

357 2656 565 2752 Appellamus,

359 2772 506 2838 Mortales
521 2774 700 2860 quittamus,
720 2793 815 2850 rectet

359 2872 521 2945 Exitialem
534 2877 645 2958 spirans
658 2879 795 2951 adversus
808 2878 908 2942 hostes
922 2877 1006 2945 iram.

361 2974 418 3037 Per
431 2996 523 3060 quam
539 2977 649 3041 Loxias
663 2978 840 3055 Parnassius,

360 3076 515 3162 Magnum
530 3077 697 3143 inhabitans
711 3101 858 3144 recessum
874 3080 905 3142 in
920 3095 1004 3144 terrae
1018 3079 1164 3166 margine,

359 3173 587 3258 inhospitalem,
600 3179 662 3242 sine
676 3179 780 3243 fraude
793 3180 941 3258 dolosam,

360 3278 504 3344 Tandem
519 3282 633 3362 laesarn,

360 3383 557 3470 Persequitur.

650 3533 677 3596 E
693 3534 765 3599 ΡΟ
780 3535 812 3599 D
827 3536 859 3599 U
875 3535 905 3600 S.

324 3730 345 3761 ‚,
361 3682 497 3748 Firmiter
510 3684 611 3749 statuit
623 3684 710 3763 Deus
722 3709 787 3761 non

323 3832 344 3862 „
360 3785 510 3866 Opitulari
524 3786 620 3852 malis.

322 3933 346 3966 ‚,
361 3888 418 3951 Par
428 3904 472 3951 est
485 3887 606 3953 coeleste
619 3888 778 3972 imperium
792 3891 927 3969 revererl,

359 3988 411 4053 Ad
423 3988 523 4052 lucem
536 3988 708 4055 videndam:
730 4007 873 4071 praeterea
884 3992 1017 4057 ablatum
1029 3992 1071 4058 illi
1084 3994 1140 4059 fuit

360 4089 513 4174 Magnum
526 4089 638 4154 aedium
650 4090 790 4155 fraenum.

360 4188 426 4255 Diu
440 4190 605 4255 existimavi
618 4192 701 4257 domi

362 4290 457 4373 Quod
470 4293 556 4371 humi
569 4309 731 4380 prostratus
742 4296 774 4359 in
788 4314 962 4381 perpetuum
971 4300 1097 4384 jaceres.

619 4481 629 4514 ⁵
648 4477 714 4545 MS.
731 4476 805 4541 Exul
820 4478 934 4545 Orestes.
