2958 4938
464 318 861 397 cnonrnonn.
1149 271 1153 277 ’
1213 288 1258 424 73

95 508 188 556 stum.
239 485 363 574 Jupiter,
374 482 501 570 Jupiter,
515 482 625 546 horum
638 480 805 564 speculator
817 496 881 547 esto
894 476 1049 551 omnim

244 587 356 670 Aspice
367 607 439 651 veru
453 583 568 668 prolem
580 582 685 647 orbem
696 581 805 668 aquila
820 582 920 666 patris,
1089 586 1095 595 ’
1191 607 1210 655 2
1212 600 1256 674 45

244 689 308 771 Qui
323 685 468 752 occubuit
479 684 556 749 inter
569 683 659 766 pliens
672 696 704 747 et
713 682 804 765 spires

243 789 363 855 Atrocis
375 787 494 871 viperae.
539 787 609 850 Hos
622 798 723 849 sutem
735 784 856 848 orbatos
869 799 951 867 petre

241 890 348 979 Jejuna
360 889 468 973 premit
482 886 589 953 famem
611 907 675 950 non
685 884 768 949 enim
781 885 881 951 ualent

243 994 380 1060 Praedarn
392 1006 546 1073 paternam
557 986 689 1052 tentoriis
701 984 820 1051 inferre

247 1095 293 1160 Ita
305 1108 335 1158 et
348 1114 398 1156 me
411 1107 441 1155 et
453 1090 545 1167 hane,
566 1089 716 1154 Electram
728 1087 809 1164 dico,

243 1193 355 1259 Videre
368 1191 422 1257 tibi
434 1205 487 1267 est,
509 1187 624 1269 prolem
638 1190 879 1270 patremmeum,

244 1296 397 1380 Utrunque
408 1291 517 1357 eodem
527 1289 621 1354 modu
634 1290 735 1357 exules
747 1292 785 1356 ab
798 1291 922 1355 aedibus.

244 1394 320 1462 Tibi
332 1415 417 1459 saeta
428 1391 563 1458 facientis
577 1405 664 1477 teque
677 1390 853 1457 honorantis
865 1391 1001 1458 maxime

245 1497 339 1565 Patris
352 1496 449 1579 pullos
462 1496 554 1559 hosce
567 1493 701 1576 perdens,
724 1493 809 1557 unde.

246 1595 509 1665 Habebisasimili
522 1616 615 1661 uranu
628 1593 698 1659 lauti
711 1595 791 1676 epuli
804 1594 980 1676 praemiuml
1193 1615 1256 1684 ²55

245 1702 356 1788 Neque
368 1699 477 1787 aquilus
490 1697 606 1781 prolem
619 1694 810 1773 interficiens,
831 1696 941 1761 iterum
1096 1726 1098 1733 ¹

247 1800 381 1866 Habebis
394 1823 456 1887 quo
471 1798 570 1865 mittas
584 1798 756 1862 mortalibus
767 1797 852 1884 signs
865 1799 1058 1881 persuasoria.

247 1905 358 1989 Neque
368 1900 484 1985 imperii
495 1901 564 1964 haee
578 1898 663 1964 radix
676 1921 695 1963 a
707 1913 737 1963 te
747 1897 879 1964 funditus
892 1900 1041 1967 exsiccata

247 2005 316 2070 Aris
329 2004 386 2070 tuis
399 2001 621 2086 suppetiabitur,
636 2001 739 2066 diebus
753 2002 861 2087 quibus
877 2001 1158 2079 bovesmactantur.

124 2190 127 2195 ,
246 2107 510 2183 Curamnostrum
523 2103 609 2181 habe,
624 2125 641 2165 e
655 2124 745 2184 parva
758 2101 844 2166 tollas
856 2102 888 2166 in
900 2126 1046 2191 magnum
1194 2104 1258 2174 260

248 2209 401 2285 Domum,
416 2229 486 2292 quae
502 2205 619 2269 videtur,
629 2225 710 2269 nunc
724 2203 812 2287 plane
826 2205 975 2270 cecidisse.

248 2309 280 2375 Ο
295 2308 389 2386 liberi,
411 2309 442 2373 Ο
458 2320 618 2371 servatores
630 2306 737 2371 domus
750 2323 891 2390 paterne,

248 2409 350 2475 silete:
372 2431 413 2472 ne
428 2406 493 2494 quis
506 2405 614 2486 audiat,
630 2407 661 2472 Ο
677 2406 742 2484 filii,

248 2510 435 2598 Linguaeque
449 2529 539 2573 causa
553 2521 663 2572 cuncta
676 2508 742 2571 haec
756 2507 898 2572 enunciet

246 2612 478 2696 Imperantibus;
501 2629 577 2694 quos
592 2608 624 2674 Ο
637 2606 791 2671 si'videam
805 2608 964 2694 aliquando
978 2608 1040 2691 ipse
1197 2610 1259 2697 265

247 2717 389 2780 Mortuos
402 2713 434 2778 in
448 2708 571 2798 fuligine
587 2707 717 2773 flammae
732 2706 831 2789 picea!

183 2867 191 2885 .
247 2819 416 2904 Nunquam
431 2814 512 2879 fallet
525 2811 632 2877 Loxise
646 2810 839 2893 praevalidum

249 2917 429 2994 Oraculum,
447 2915 603 3001 jubensut
617 2914 676 2976 hoc
689 2910 854 2993 periculum
869 2909 1084 2993 pertransirem,

250 3021 291 3085 Et
304 3018 419 3082 sublata
433 3037 507 3080 voce
523 3015 617 3078 multa
630 3012 767 3091 efferens,
782 3028 812 3078 et
825 3012 1021 3078 intolerabiles

251 3120 360 3186 Poenas
373 3121 428 3182 sub
440 3118 546 3199 hepate
560 3115 657 3179 calido
671 3114 810 3193 minatus,
1200 3136 1264 3203 270

251 3223 320 3288 Nisi
333 3221 490 3285 ulciscerer
502 3216 590 3301 petris
605 3217 818 3293 interfectores,

253 3324 369 3390 Eodem
385 3320 510 3386 omnino
526 3318 618 3383 modu
632 3317 761 3382 vicissim
775 3314 939 3381 interficere
952 3317 1127 3402 mejubens,

250 3422 462 3491 Praesentaneis
477 3419 596 3485 mulctis
609 3420 683 3483 tauri
697 3419 787 3483 instar
796 3417 963 3483 efferatum.

252 3530 310 3592 Me
325 3548 395 3593 vero
410 3523 485 3588 dixit
497 3520 587 3585 chata
600 3520 702 3584 anima
714 3519 768 3582 has

252 3632 360 3694 Poenas
372 3627 521 3700 datumm,
534 3620 727 3686 sustinentem
740 3618 837 3685 multa
848 3616 1011 3705 injucunda
1023 3618 1112 3685 mala.
1202 3637 1265 3706 275

252 3731 333 3798 Haec
348 3730 552 3795 enimeterra
562 3721 693 3786 hostium
706 3720 810 3785 solatia
1174 3746 1183 3765 0

147 3872 150 3877 ,
254 3831 436 3898 Mortalibus
449 3825 613 3892 enuncians
626 3824 712 3901 dixit,
731 3823 823 3887 husee
837 3822 924 3888 nubis
936 3821 1075 3899 morbum

253 3933 405 3999 Carnibus
416 3929 574 3994 insidentes
586 3925 672 3991 saevis
686 3923 814 3988 maxillis

256 4039 364 4120 Leprss
376 4052 515 4100 exesurus
526 4030 680 4116 antiquam
694 4043 830 4093 usturam
837 4055 846 4103 ;

252 4131 598 4215 Albosautemcapillos
612 4124 1024 4194 unacumhacexoririlue.
1204 4126 1272 4197 280

257 4242 402 4328 Aliosque
416 4248 562 4302 memorat
573 4231 699 4314 impetus
712 4230 867 4296 Furiarum
1268 4224 1272 4231 ’

256 4344 290 4421 A
302 4359 424 4428 paterno
437 4338 581 4426 sanguine
593 4335 728 4399 effectos.

256 4448 347 4516 Clare
361 4448 406 4515 ait
417 4444 526 4521 videre,
548 4441 579 4507 in
593 4436 719 4508 tenebris
730 4432 886 4523 supercilia
898 4445 1081 4500 mouentem.
